<?xml version="1.0" encoding="UTF-8"?>
<collection xmlns:xsi="http://www.w3.org/2001/XMLSchema-instance"
            xmlns:marc="http://www.loc.gov/MARC21/slim"
            xmlns="http://www.loc.gov/MARC21/slim">
   <record>
      <leader>     nam a22     2a 4500</leader>
      <controlfield tag="FMT">BK</controlfield>
      <controlfield tag="001">000087014</controlfield>
      <controlfield tag="003">CZ BrMZK</controlfield>
      <controlfield tag="005">20091110204125.0</controlfield>
      <controlfield tag="008">960707s1965    xr     f            cze d</controlfield>
      <datafield tag="015" ind1=" " ind2=" ">
        <subfield code="a">cnb000482943</subfield>
      </datafield>
      <datafield tag="035" ind1=" " ind2=" ">
        <subfield code="a">(OCoLC)42088857</subfield>
      </datafield>
      <datafield tag="040" ind1=" " ind2=" ">
        <subfield code="a">ABA001</subfield>
        <subfield code="b">cze</subfield>
        <subfield code="c">CBA001</subfield>
        <subfield code="d">ABA001</subfield>
      </datafield>
      <datafield tag="041" ind1="1" ind2=" ">
        <subfield code="a">cze</subfield>
        <subfield code="h">rus</subfield>
      </datafield>
      <datafield tag="080" ind1="9" ind2=" ">
        <subfield code="a">882-43-32</subfield>
      </datafield>
      <datafield tag="100" ind1="1" ind2=" ">
        <subfield code="a">Prišvin, Michail Michajlovič,</subfield>
        <subfield code="d">1873-1954</subfield>
        <subfield code="7">jn20000701442</subfield>
        <subfield code="4">aut</subfield>
      </datafield>
      <datafield tag="245" ind1="1" ind2="0">
        <subfield code="a">Facelie :</subfield>
        <subfield code="b">Poéma /</subfield>
        <subfield code="c">Michail Michajlovič Prišvin ; z rus. orig. přel. Jarmila Fromková ; Il. Michael Romberg</subfield>
      </datafield>
      <datafield tag="250" ind1=" " ind2=" ">
        <subfield code="a">1. vyd.</subfield>
      </datafield>
      <datafield tag="260" ind1=" " ind2=" ">
        <subfield code="a">Praha :</subfield>
        <subfield code="b">SNKLU,</subfield>
        <subfield code="c">1965</subfield>
      </datafield>
      <datafield tag="300" ind1=" " ind2=" ">
        <subfield code="a">119, [8] s. ;</subfield>
        <subfield code="c">12°</subfield>
      </datafield>
      <datafield tag="500" ind1=" " ind2=" ">
        <subfield code="a">Pouzdro a kožená vazba: ilustrátor</subfield>
      </datafield>
      <datafield tag="500" ind1=" " ind2=" ">
        <subfield code="a">3300 výt.</subfield>
      </datafield>
      <datafield tag="520" ind1="2" ind2=" ">
        <subfield code="a">Miniaturní povídky, ve své podstatě básně v próze nesené hlubokým vztahem k člověku a přírodě a inspirované nejmocnějším lidským citem, láskou k ženě symbolizované tu modrým květem facelie.</subfield>
      </datafield>
      <datafield tag="765" ind1="0" ind2=" ">
        <subfield code="t">Sobranije sočinenij, tom 3</subfield>
        <subfield code="9">Česky</subfield>
      </datafield>
      <datafield tag="910" ind1=" " ind2=" ">
         <subfield code="a">BOA001</subfield>
      </datafield>
      <datafield tag="ITM" ind1=" " ind2=" ">
         <subfield code="b">2619536814</subfield>
         <subfield code="c">S-0538.697</subfield>
         <subfield code="d"/>
         <subfield code="v"/>
         <subfield code="i"/>
         <subfield code="y"/>
      </datafield>
      <controlfield tag="SYS">000087014</controlfield>
   </record>