
   <record>
      <leader>     nam a22     2a 4500</leader>
      <controlfield tag="FMT">BK</controlfield>
      <controlfield tag="001">000162082</controlfield>
      <controlfield tag="003">CZ BrMZK</controlfield>
      <controlfield tag="005">20091112203129.0</controlfield>
      <controlfield tag="008">970107s1963    xr     f            cze d</controlfield>
      <datafield tag="015" ind1=" " ind2=" ">
         <subfield code="a">cnb000518860</subfield>
      </datafield>
      <datafield tag="035" ind1=" " ind2=" ">
         <subfield code="a">(OCoLC)85341553</subfield>
      </datafield>
      <datafield tag="040" ind1=" " ind2=" ">
         <subfield code="a">BOA001</subfield>
         <subfield code="b">cze</subfield>
      </datafield>
      <datafield tag="100" ind1="1" ind2=" ">
         <subfield code="a">Oplt, Miroslav,</subfield>
         <subfield code="d">1923-1998</subfield>
         <subfield code="7">jk01091196</subfield>
      </datafield>
      <datafield tag="245" ind1="1" ind2="0">
         <subfield code="a">Drahokamy v trávě :</subfield>
         <subfield code="b">indonéské milostné pantuny /</subfield>
         <subfield code="c">Miroslav Oplt</subfield>
      </datafield>
      <datafield tag="250" ind1=" " ind2=" ">
         <subfield code="a">1.vyd.</subfield>
      </datafield>
      <datafield tag="260" ind1=" " ind2=" ">
         <subfield code="a">Praha :</subfield>
         <subfield code="b">SNKLU,</subfield>
         <subfield code="c">1963</subfield>
      </datafield>
      <datafield tag="300" ind1=" " ind2=" ">
         <subfield code="a">93 s.</subfield>
      </datafield>
      <datafield tag="910" ind1=" " ind2=" ">
         <subfield code="a">BOA001</subfield>
      </datafield>
      <datafield tag="964" ind1=" " ind2=" ">
         <subfield code="a">Poezie milostná indonéská</subfield>
      </datafield>
      <datafield tag="ITM" ind1=" " ind2=" ">
         <subfield code="b">2619991876</subfield>
         <subfield code="c">S-0500.637</subfield>
         <subfield code="d"/>
         <subfield code="v"/>
         <subfield code="i"/>
         <subfield code="y"/>
      </datafield>
      <controlfield tag="SYS">000162082</controlfield>
   </record>