
   <record>
      <leader>     nam a22     2a 4500</leader>
      <controlfield tag="FMT">BK</controlfield>
      <controlfield tag="001">000322976</controlfield>
      <controlfield tag="003">CZ BrMZK</controlfield>
      <controlfield tag="005">20170206064521.0</controlfield>
      <controlfield tag="008">980105s1972    xr     f            cze d</controlfield>
      <datafield tag="015" ind1=" " ind2=" ">
         <subfield code="a">cnb000140471</subfield>
      </datafield>
      <datafield tag="035" ind1=" " ind2=" ">
         <subfield code="a">(OCoLC)42105329</subfield>
      </datafield>
      <datafield tag="040" ind1=" " ind2=" ">
         <subfield code="a">ABA001</subfield>
         <subfield code="b">cze</subfield>
         <subfield code="c">OSA001</subfield>
         <subfield code="d">ABA001</subfield>
      </datafield>
      <datafield tag="041" ind1="1" ind2=" ">
         <subfield code="a">cze</subfield>
         <subfield code="h">urd</subfield>
      </datafield>
      <datafield tag="080" ind1="9" ind2=" ">
         <subfield code="a">891.1-1</subfield>
      </datafield>
      <datafield tag="080" ind1="9" ind2=" ">
         <subfield code="a">92 Ghálib, M. A.</subfield>
      </datafield>
      <datafield tag="100" ind1="1" ind2=" ">
         <subfield code="a">Ghálib, Asadulláh Chán,</subfield>
         <subfield code="d">1797-1869</subfield>
         <subfield code="7">xx0077838</subfield>
         <subfield code="4">aut</subfield>
      </datafield>
      <datafield tag="245" ind1="1" ind2="0">
         <subfield code="a">Rukojmí lásky /</subfield>
         <subfield code="c">Mirzá Asadulláh Ghálib ; z urdského orig. podle vyd. Ghálibova Dívánu, opatřeného Sardárem Džáfrím vybrala, přel. a opatřila doslovem Milena Hübschmannová</subfield>
      </datafield>
      <datafield tag="250" ind1=" " ind2=" ">
         <subfield code="a">1. vyd.</subfield>
      </datafield>
      <datafield tag="260" ind1=" " ind2=" ">
         <subfield code="a">Praha :</subfield>
         <subfield code="b">Odeon,</subfield>
         <subfield code="c">1972</subfield>
      </datafield>
      <datafield tag="300" ind1=" " ind2=" ">
         <subfield code="a">89, [6] s. ;</subfield>
         <subfield code="c">příč. 12°</subfield>
      </datafield>
      <datafield tag="500" ind1=" " ind2=" ">
         <subfield code="a">11000 výt.</subfield>
      </datafield>
      <datafield tag="500" ind1=" " ind2=" ">
         <subfield code="a">Zdobený tit. list</subfield>
      </datafield>
      <datafield tag="500" ind1=" " ind2=" ">
         <subfield code="a">Barev. il. předsádky a frontispice s barev. obr. v textu</subfield>
      </datafield>
      <datafield tag="520" ind1="2" ind2=" ">
         <subfield code="a">Autorem sbírky veršů je urdský básník, představitel vzdělanostní islámské elity v Indii. Formou ghazalu - útvaru, pro nějž je příznačné dvojverší a v němž bylo možno zesměšnit veškerá tísnící jařma středověké společnosti azejména tradiční, rodiči určované manželství a vyzpívat lásku k nedostižné milence - vyjadřuje zde touhu člověka po lidském a především milostném naplnění.</subfield>
      </datafield>
      <datafield tag="700" ind1="1" ind2=" ">
         <subfield code="a">Hübschmannová, Milena,</subfield>
         <subfield code="d">1933-2005</subfield>
         <subfield code="7">jk01043172</subfield>
         <subfield code="4">com</subfield>
         <subfield code="4">aui</subfield>
      </datafield>
      <datafield tag="910" ind1=" " ind2=" ">
         <subfield code="a">BOA001</subfield>
      </datafield>
      <datafield tag="ITM" ind1=" " ind2=" ">
         <subfield code="b">2619832552</subfield>
         <subfield code="c">S-0692.109</subfield>
         <subfield code="d"/>
         <subfield code="v"/>
         <subfield code="i"/>
         <subfield code="y"/>
      </datafield>
      <controlfield tag="SYS">000322976</controlfield>
   </record>