
   <record>
      <leader>     nam a22      a 4500</leader>
      <controlfield tag="FMT">BK</controlfield>
      <controlfield tag="001">000353937</controlfield>
      <controlfield tag="003">CZ BrMZK</controlfield>
      <controlfield tag="005">19980115143423.0</controlfield>
      <controlfield tag="008">980115s1998    xr     f            cze d</controlfield>
      <datafield tag="015" ind1=" " ind2=" ">
         <subfield code="a">cnb000388587</subfield>
      </datafield>
      <datafield tag="020" ind1=" " ind2=" ">
         <subfield code="a">80-7214-124-4</subfield>
      </datafield>
      <datafield tag="035" ind1=" " ind2=" ">
         <subfield code="a">(OCoLC)41531128</subfield>
      </datafield>
      <datafield tag="040" ind1=" " ind2=" ">
         <subfield code="a">BOA001</subfield>
         <subfield code="b">cze</subfield>
      </datafield>
      <datafield tag="080" ind1=" " ind2=" ">
         <subfield code="a">001.94:940.53/.54</subfield>
         <subfield code="2">MRF</subfield>
      </datafield>
      <datafield tag="080" ind1=" " ind2=" ">
         <subfield code="a">820(73)-96=850</subfield>
         <subfield code="2">MRF</subfield>
      </datafield>
      <datafield tag="080" ind1=" " ind2=" ">
         <subfield code="a">940.53/.54:001.94</subfield>
         <subfield code="2">MRF</subfield>
      </datafield>
      <datafield tag="100" ind1="1" ind2=" ">
         <subfield code="a">Breuer, William B.,</subfield>
         <subfield code="d">1923-2010</subfield>
         <subfield code="7">xx0000209</subfield>
         <subfield code="4">aut</subfield>
      </datafield>
      <datafield tag="245" ind1="1" ind2="0">
         <subfield code="a">Záhady 2. světové války /</subfield>
         <subfield code="c">William B. Breuer</subfield>
      </datafield>
      <datafield tag="250" ind1=" " ind2=" ">
         <subfield code="a">Vyd. 1.</subfield>
      </datafield>
      <datafield tag="260" ind1=" " ind2=" ">
         <subfield code="a">Praha :</subfield>
         <subfield code="b">Baronet,</subfield>
         <subfield code="c">1998</subfield>
      </datafield>
      <datafield tag="300" ind1=" " ind2=" ">
         <subfield code="a">255 s. :</subfield>
         <subfield code="b">il., mapy ;</subfield>
         <subfield code="c">22 cm</subfield>
      </datafield>
      <datafield tag="500" ind1=" " ind2=" ">
         <subfield code="a">Bibliogr.</subfield>
      </datafield>
      <datafield tag="653" ind1="0" ind2=" ">
         <subfield code="a">světová válka 2.</subfield>
      </datafield>
      <datafield tag="765" ind1="0" ind2=" ">
         <subfield code="t">Unexplained mysteries of World War II</subfield>
      </datafield>
      <datafield tag="910" ind1=" " ind2=" ">
         <subfield code="a">BOA001</subfield>
      </datafield>
      <datafield tag="964" ind1=" " ind2=" ">
         <subfield code="a">Válka světová 2.</subfield>
         <subfield code="x">záhady</subfield>
         <subfield code="x">vyprávění</subfield>
      </datafield>
      <datafield tag="ITM" ind1=" " ind2=" ">
         <subfield code="b">2610078974</subfield>
         <subfield code="c">2-1050.256</subfield>
         <subfield code="d"/>
         <subfield code="v"/>
         <subfield code="i"/>
         <subfield code="y"/>
      </datafield>
      <controlfield tag="SYS">000353937</controlfield>
   </record>