
   <record>
      <leader>     nas a22     2a 4500</leader>
      <controlfield tag="FMT">SE</controlfield>
      <controlfield tag="001">000400775</controlfield>
      <controlfield tag="003">CZ BrMZK</controlfield>
      <controlfield tag="005">20050202071555.0</controlfield>
      <controlfield tag="008">010907d19201947xr                  cze d</controlfield>
      <datafield tag="040" ind1=" " ind2=" ">
         <subfield code="a">BOA001</subfield>
         <subfield code="b">cze</subfield>
         <subfield code="c">BOA001</subfield>
      </datafield>
      <datafield tag="245" ind1="0" ind2="0">
         <subfield code="a">... výroční zpráva za školní rok ...</subfield>
      </datafield>
      <datafield tag="246" ind1="3" ind2="3">
         <subfield code="a">Státní reformní reálné gymnasium</subfield>
      </datafield>
      <datafield tag="246" ind1="3" ind2="3">
         <subfield code="a">České státní reformní reálné gymnasium</subfield>
      </datafield>
      <datafield tag="246" ind1="3" ind2="3">
         <subfield code="a">Čsl. státní reformní reálné gymnasium</subfield>
      </datafield>
      <datafield tag="246" ind1="3" ind2=" ">
         <subfield code="a">Státní čsl. reformní reálné gymnasium</subfield>
      </datafield>
      <datafield tag="246" ind1="3" ind2="3">
         <subfield code="a">Státní reálné gymnasium</subfield>
      </datafield>
      <datafield tag="260" ind1=" " ind2=" ">
         <subfield code="a">Jihlava :</subfield>
         <subfield code="b">Státní reformní reálné gymnasium,</subfield>
         <subfield code="c">1920-1947</subfield>
      </datafield>
      <datafield tag="500" ind1=" " ind2=" ">
         <subfield code="a">Další názvy: od 1921/22 České státní reformní reálné gymnasium, 1924/25 Státní reformní reálné gymnasium, 1926/27 Čsl. státní reformní reálné gymnasium, 1929/30 Státní reformní reálné gymnasium, 1932/33 Státní čsl. reformní reálné gymnasium, 1938/39 Státní reformní reálné gymnasium, 1946/47 Státní reálné gymnasium</subfield>
      </datafield>
      <datafield tag="910" ind1=" " ind2=" ">
         <subfield code="a">BOA001</subfield>
      </datafield>
      <datafield tag="964" ind1=" " ind2=" ">
         <subfield code="a">Moravika - stol. 20.</subfield>
      </datafield>
      <datafield tag="964" ind1=" " ind2=" ">
         <subfield code="a">Školy</subfield>
         <subfield code="z">Jihlava</subfield>
      </datafield>
      <datafield tag="ITM" ind1=" " ind2=" ">
         <subfield code="b">2619612375</subfield>
         <subfield code="c">UK-0075.000,Jihlava</subfield>
         <subfield code="d">1919-20</subfield>
         <subfield code="v"/>
         <subfield code="i"/>
         <subfield code="y">1919-1920</subfield>
      </datafield>
      <datafield tag="ITM" ind1=" " ind2=" ">
         <subfield code="b">2619612376</subfield>
         <subfield code="c">UK-0075.000,Jihlava</subfield>
         <subfield code="d">1920-21</subfield>
         <subfield code="v"/>
         <subfield code="i"/>
         <subfield code="y">1920-1921</subfield>
      </datafield>
      <datafield tag="ITM" ind1=" " ind2=" ">
         <subfield code="b">2619786648</subfield>
         <subfield code="c">UK-0075.000,Jihlava</subfield>
         <subfield code="d">1921-22</subfield>
         <subfield code="v"/>
         <subfield code="i"/>
         <subfield code="y">1921-1922</subfield>
      </datafield>
      <datafield tag="ITM" ind1=" " ind2=" ">
         <subfield code="b">2619612377</subfield>
         <subfield code="c">UK-0075.000,Jihlava</subfield>
         <subfield code="d">1922-23</subfield>
         <subfield code="v"/>
         <subfield code="i"/>
         <subfield code="y">1922-1923</subfield>
      </datafield>
      <datafield tag="ITM" ind1=" " ind2=" ">
         <subfield code="b">2619786651</subfield>
         <subfield code="c">UK-0075.000,Jihlava</subfield>
         <subfield code="d">1923-24</subfield>
         <subfield code="v"/>
         <subfield code="i"/>
         <subfield code="y">1923-1924</subfield>
      </datafield>
      <datafield tag="ITM" ind1=" " ind2=" ">
         <subfield code="b">2619786652</subfield>
         <subfield code="c">UK-0075.000,Jihlava</subfield>
         <subfield code="d">1924-25</subfield>
         <subfield code="v"/>
         <subfield code="i"/>
         <subfield code="y">1924-1925</subfield>
      </datafield>
      <datafield tag="ITM" ind1=" " ind2=" ">
         <subfield code="b">2619612380</subfield>
         <subfield code="c">UK-0075.000,Jihlava</subfield>
         <subfield code="d">1925-26</subfield>
         <subfield code="v"/>
         <subfield code="i"/>
         <subfield code="y">1925-1926</subfield>
      </datafield>
      <datafield tag="ITM" ind1=" " ind2=" ">
         <subfield code="b">2619786654</subfield>
         <subfield code="c">UK-0075.000,Jihlava</subfield>
         <subfield code="d">1926-27</subfield>
         <subfield code="v"/>
         <subfield code="i"/>
         <subfield code="y">1926-1927</subfield>
      </datafield>
      <datafield tag="ITM" ind1=" " ind2=" ">
         <subfield code="b">2619612382</subfield>
         <subfield code="c">UK-0075.000,Jihlava</subfield>
         <subfield code="d">1927-28</subfield>
         <subfield code="v"/>
         <subfield code="i"/>
         <subfield code="y">1927-1928</subfield>
      </datafield>
      <datafield tag="ITM" ind1=" " ind2=" ">
         <subfield code="b">2619786656</subfield>
         <subfield code="c">UK-0075.000,Jihlava</subfield>
         <subfield code="d">1928-29</subfield>
         <subfield code="v"/>
         <subfield code="i"/>
         <subfield code="y">1928-1929</subfield>
      </datafield>
      <datafield tag="ITM" ind1=" " ind2=" ">
         <subfield code="b">2619786657</subfield>
         <subfield code="c">UK-0075.000,Jihlava</subfield>
         <subfield code="d">1929-30</subfield>
         <subfield code="v"/>
         <subfield code="i"/>
         <subfield code="y">1929-1930</subfield>
      </datafield>
      <datafield tag="ITM" ind1=" " ind2=" ">
         <subfield code="b">2619786658</subfield>
         <subfield code="c">UK-0075.000,Jihlava</subfield>
         <subfield code="d">1930-31</subfield>
         <subfield code="v"/>
         <subfield code="i"/>
         <subfield code="y">1930-1931</subfield>
      </datafield>
      <datafield tag="ITM" ind1=" " ind2=" ">
         <subfield code="b">2619786659</subfield>
         <subfield code="c">UK-0075.000,Jihlava</subfield>
         <subfield code="d">1931-32</subfield>
         <subfield code="v"/>
         <subfield code="i"/>
         <subfield code="y">1931-1932</subfield>
      </datafield>
      <datafield tag="ITM" ind1=" " ind2=" ">
         <subfield code="b">2619786660</subfield>
         <subfield code="c">UK-0075.000,Jihlava</subfield>
         <subfield code="d">1932-33</subfield>
         <subfield code="v"/>
         <subfield code="i"/>
         <subfield code="y">1932-1933</subfield>
      </datafield>
      <datafield tag="ITM" ind1=" " ind2=" ">
         <subfield code="b">2619612387</subfield>
         <subfield code="c">UK-0075.000,Jihlava</subfield>
         <subfield code="d">1933-34</subfield>
         <subfield code="v"/>
         <subfield code="i"/>
         <subfield code="y">1933-1934</subfield>
      </datafield>
      <datafield tag="ITM" ind1=" " ind2=" ">
         <subfield code="b">2619612388</subfield>
         <subfield code="c">UK-0075.000,Jihlava</subfield>
         <subfield code="d">1934-35</subfield>
         <subfield code="v"/>
         <subfield code="i"/>
         <subfield code="y">1934-1935</subfield>
      </datafield>
      <datafield tag="ITM" ind1=" " ind2=" ">
         <subfield code="b">2619427090</subfield>
         <subfield code="c">UK-0075.000,Jihlava</subfield>
         <subfield code="d">1935-36</subfield>
         <subfield code="v"/>
         <subfield code="i"/>
         <subfield code="y">1935-1936</subfield>
      </datafield>
      <datafield tag="ITM" ind1=" " ind2=" ">
         <subfield code="b">2619786664</subfield>
         <subfield code="c">UK-0075.000,Jihlava</subfield>
         <subfield code="d">1936-37</subfield>
         <subfield code="v"/>
         <subfield code="i"/>
         <subfield code="y">1936-1937</subfield>
      </datafield>
      <datafield tag="ITM" ind1=" " ind2=" ">
         <subfield code="b">2619786665</subfield>
         <subfield code="c">UK-0075.000,Jihlava</subfield>
         <subfield code="d">1937-38</subfield>
         <subfield code="v"/>
         <subfield code="i"/>
         <subfield code="y">1937-1938</subfield>
      </datafield>
      <datafield tag="ITM" ind1=" " ind2=" ">
         <subfield code="b">2619786542</subfield>
         <subfield code="c">UK-0075.000,Jihlava</subfield>
         <subfield code="d">1938-39</subfield>
         <subfield code="v"/>
         <subfield code="i"/>
         <subfield code="y">1938-1939</subfield>
      </datafield>
      <datafield tag="ITM" ind1=" " ind2=" ">
         <subfield code="b">2619786541</subfield>
         <subfield code="c">UK-0075.000,Jihlava</subfield>
         <subfield code="d">1938-47</subfield>
         <subfield code="v"/>
         <subfield code="i"/>
         <subfield code="y">1938-1947</subfield>
      </datafield>
      <controlfield tag="SYS">000400775</controlfield>
   </record>