
   <record>
      <leader>     nam a22     2a 4500</leader>
      <controlfield tag="FMT">BK</controlfield>
      <controlfield tag="001">000599868</controlfield>
      <controlfield tag="003">CZ BrMZK</controlfield>
      <controlfield tag="005">20020514073352.0</controlfield>
      <controlfield tag="008">020513s1944    xr     f            cze d</controlfield>
      <datafield tag="015" ind1=" " ind2=" ">
         <subfield code="a">cnb000762439</subfield>
      </datafield>
      <datafield tag="035" ind1=" " ind2=" ">
         <subfield code="a">(OCoLC)85492514</subfield>
      </datafield>
      <datafield tag="040" ind1=" " ind2=" ">
         <subfield code="a">BOA001</subfield>
         <subfield code="c">ze</subfield>
         <subfield code="d">BOA001</subfield>
      </datafield>
      <datafield tag="100" ind1="1" ind2=" ">
         <subfield code="a">Černý, Bohumil Julius,</subfield>
         <subfield code="d">1906-</subfield>
         <subfield code="7">jk01021513</subfield>
         <subfield code="4">aut</subfield>
      </datafield>
      <datafield tag="245" ind1="1" ind2="0">
         <subfield code="a">O božím umělci /</subfield>
         <subfield code="c">Bohumil Černý ;</subfield>
         <subfield code="b">Ječmínkova halena ; Jinřich Spáčil ; (Kresby a úprava: akademický malíř prof. Petr Dillinger)</subfield>
      </datafield>
      <datafield tag="250" ind1=" " ind2=" ">
         <subfield code="a">Vydání I.</subfield>
      </datafield>
      <datafield tag="260" ind1=" " ind2=" ">
         <subfield code="a">Brno :</subfield>
         <subfield code="b">Česká literární Morava,</subfield>
         <subfield code="c">1944</subfield>
      </datafield>
      <datafield tag="300" ind1=" " ind2=" ">
         <subfield code="a">29 - [II] s. ;</subfield>
         <subfield code="c">8°</subfield>
      </datafield>
      <datafield tag="490" ind1="1" ind2=" ">
         <subfield code="a">Stejskalovy malé pohádky ;</subfield>
         <subfield code="v">Sv. 5</subfield>
      </datafield>
      <datafield tag="700" ind1="1" ind2=" ">
         <subfield code="a">Spáčil, Jindřich,</subfield>
         <subfield code="d">1899-1978</subfield>
         <subfield code="7">jk01120637</subfield>
         <subfield code="4">aut</subfield>
      </datafield>
      <datafield tag="740" ind1="0" ind2="2">
         <subfield code="a">Ječmínkova halena</subfield>
      </datafield>
      <datafield tag="830" ind1=" " ind2="0">
         <subfield code="a">Stejskalovy malé pohádky</subfield>
      </datafield>
      <datafield tag="910" ind1=" " ind2=" ">
         <subfield code="a">BOA001</subfield>
      </datafield>
      <datafield tag="ITM" ind1=" " ind2=" ">
         <subfield code="b">2619695902</subfield>
         <subfield code="c">2-0173.262,5</subfield>
         <subfield code="d"/>
         <subfield code="v"/>
         <subfield code="i"/>
         <subfield code="y"/>
      </datafield>
      <controlfield tag="SYS">000599868</controlfield>
   </record>