
   <record>
      <leader>     nam a22     2a 4500</leader>
      <controlfield tag="FMT">BK</controlfield>
      <controlfield tag="001">000686387</controlfield>
      <controlfield tag="003">CZ BrMZK</controlfield>
      <controlfield tag="005">20170206074306.0</controlfield>
      <controlfield tag="008">030908s1961    xr     f            cze d</controlfield>
      <datafield tag="015" ind1=" " ind2=" ">
         <subfield code="a">cnb000516306</subfield>
      </datafield>
      <datafield tag="020" ind1=" " ind2=" ">
         <subfield code="q">(Váz.)</subfield>
      </datafield>
      <datafield tag="040" ind1=" " ind2=" ">
         <subfield code="a">ABA001</subfield>
         <subfield code="b">cze</subfield>
         <subfield code="c">OSA001</subfield>
         <subfield code="d">BOA001</subfield>
         <subfield code="d">ABA001</subfield>
      </datafield>
      <datafield tag="080" ind1=" " ind2=" ">
         <subfield code="a">885-14</subfield>
         <subfield code="2">MRF</subfield>
      </datafield>
      <datafield tag="100" ind1="1" ind2=" ">
         <subfield code="a">Hořejší, Jindřich,</subfield>
         <subfield code="d">1886-1941</subfield>
         <subfield code="7">jk01042329</subfield>
         <subfield code="4">aut</subfield>
      </datafield>
      <datafield tag="245" ind1="1" ind2="0">
         <subfield code="a">Korálový náhrdelník /</subfield>
         <subfield code="c">Jindřich Hořejší ; kresby: Jiří Svoboda</subfield>
      </datafield>
      <datafield tag="250" ind1=" " ind2=" ">
         <subfield code="a">6. vyd., v SNKLU 1. vyd.</subfield>
      </datafield>
      <datafield tag="260" ind1=" " ind2=" ">
         <subfield code="a">Praha :</subfield>
         <subfield code="b">SNKLU,</subfield>
         <subfield code="c">1961</subfield>
         <subfield code="e">(Vimperk :</subfield>
         <subfield code="f">Stráž 4)</subfield>
      </datafield>
      <datafield tag="300" ind1=" " ind2=" ">
         <subfield code="a">78, [4] s. ;</subfield>
         <subfield code="c">12°</subfield>
      </datafield>
      <datafield tag="500" ind1=" " ind2=" ">
         <subfield code="a">Ediční pozn.: Vladimír Justl</subfield>
      </datafield>
      <datafield tag="500" ind1=" " ind2=" ">
         <subfield code="a">Kolibří vyd.</subfield>
      </datafield>
      <datafield tag="500" ind1=" " ind2=" ">
         <subfield code="a">Vyd. k 20. výročí básníkova úmrtí</subfield>
      </datafield>
      <datafield tag="500" ind1=" " ind2=" ">
         <subfield code="a">10000 výt.</subfield>
      </datafield>
      <datafield tag="520" ind1="2" ind2=" ">
         <subfield code="a">Básnická sbírka, jež poprvé vyšla r. 1923. Verše v ní zařazené vznikly z rozmanitých inspiračních zdrojů: nového vztahu k ženě, která už není jen podněcovatelkou rozeplání smyslů, ale i dělnicí života; živým cítěním sociálním; upřímným zaujetím o rodícího se nového člověka v Rusku.</subfield>
      </datafield>
      <datafield tag="910" ind1=" " ind2=" ">
         <subfield code="a">BOA001</subfield>
      </datafield>
      <datafield tag="ITM" ind1=" " ind2=" ">
         <subfield code="b">2619306111</subfield>
         <subfield code="c">S-0452.726</subfield>
         <subfield code="d"/>
         <subfield code="v"/>
         <subfield code="i"/>
         <subfield code="y"/>
      </datafield>
      <controlfield tag="SYS">000686387</controlfield>
   </record>