
   <record>
      <leader>     nam a22     2a 4500</leader>
      <controlfield tag="FMT">BK</controlfield>
      <controlfield tag="001">000764709</controlfield>
      <controlfield tag="003">CZ BrMZK</controlfield>
      <controlfield tag="005">20170206061754.0</controlfield>
      <controlfield tag="007">ta</controlfield>
      <controlfield tag="008">050224s1949    xr     er|||||||||||cze d</controlfield>
      <datafield tag="015" ind1=" " ind2=" ">
         <subfield code="a">cnb000714053</subfield>
      </datafield>
      <datafield tag="035" ind1=" " ind2=" ">
         <subfield code="a">(OCoLC)24458761</subfield>
      </datafield>
      <datafield tag="040" ind1=" " ind2=" ">
         <subfield code="a">BOA001</subfield>
         <subfield code="b">cze</subfield>
      </datafield>
      <datafield tag="100" ind1="1" ind2=" ">
         <subfield code="a">Nečásek, František,</subfield>
         <subfield code="d">1913-1968</subfield>
         <subfield code="7">jk01082847</subfield>
         <subfield code="4">edt</subfield>
      </datafield>
      <datafield tag="245" ind1="1" ind2="0">
         <subfield code="a">Klement Gottwald ve fotografii /</subfield>
         <subfield code="c">uspořádali František Nečásek, Miroslav Paťava a Vladimír Rýpar ; s úvodem Václava Kopeckého</subfield>
      </datafield>
      <datafield tag="260" ind1=" " ind2=" ">
         <subfield code="a">Praha :</subfield>
         <subfield code="b">Orbis,</subfield>
         <subfield code="c">1949</subfield>
      </datafield>
      <datafield tag="300" ind1=" " ind2=" ">
         <subfield code="a">12, 116 s.</subfield>
      </datafield>
      <datafield tag="700" ind1="1" ind2=" ">
         <subfield code="a">Paťava, Miroslav,</subfield>
         <subfield code="d">1922-1963</subfield>
         <subfield code="7">jk01091860</subfield>
         <subfield code="4">edt</subfield>
      </datafield>
      <datafield tag="700" ind1="1" ind2=" ">
         <subfield code="a">Rýpar, Vladimír,</subfield>
         <subfield code="d">1903-1969</subfield>
         <subfield code="7">jk01103361</subfield>
         <subfield code="4">aut</subfield>
      </datafield>
      <datafield tag="910" ind1=" " ind2=" ">
         <subfield code="a">BOA001</subfield>
      </datafield>
      <datafield tag="964" ind1=" " ind2=" ">
         <subfield code="a">Gottwald, Klement - 1896-1953 - jk01032566 - fotografie - sbírky</subfield>
      </datafield>
      <datafield tag="ITM" ind1=" " ind2=" ">
         <subfield code="b">3119647964</subfield>
         <subfield code="c">PK-III-0026.136</subfield>
         <subfield code="d"/>
         <subfield code="v"/>
         <subfield code="i"/>
         <subfield code="y"/>
      </datafield>
      <controlfield tag="SYS">000764709</controlfield>
   </record>