
   <record>
      <leader>     nam a22      a 4500</leader>
      <controlfield tag="FMT">BK</controlfield>
      <controlfield tag="001">nkc20051569532</controlfield>
      <controlfield tag="003">CZ PrNK</controlfield>
      <controlfield tag="005">20121002080426.0</controlfield>
      <controlfield tag="007">ta</controlfield>
      <controlfield tag="008">050531s2005    xr a   g      000 f cze</controlfield>
      <datafield tag="015" ind1=" " ind2=" ">
         <subfield code="a">cnb001569532</subfield>
      </datafield>
      <datafield tag="020" ind1=" " ind2=" ">
         <subfield code="a">80-242-1428-8</subfield>
         <subfield code="q">(váz.)</subfield>
      </datafield>
      <datafield tag="035" ind1=" " ind2=" ">
         <subfield code="a">(OCoLC)85154603</subfield>
      </datafield>
      <datafield tag="040" ind1=" " ind2=" ">
         <subfield code="a">BOA001</subfield>
         <subfield code="b">cze</subfield>
         <subfield code="d">ABA001</subfield>
      </datafield>
      <datafield tag="041" ind1="1" ind2=" ">
         <subfield code="a">cze</subfield>
         <subfield code="h">ger</subfield>
      </datafield>
      <datafield tag="072" ind1=" " ind2="7">
         <subfield code="a">821.112.2-3</subfield>
         <subfield code="x">Německá próza, německy psaná</subfield>
         <subfield code="2">Konspekt</subfield>
         <subfield code="9">25</subfield>
      </datafield>
      <datafield tag="080" ind1=" " ind2=" ">
         <subfield code="a">821.112.2(494)-32</subfield>
         <subfield code="2">MRF</subfield>
      </datafield>
      <datafield tag="080" ind1=" " ind2=" ">
         <subfield code="a">(0:82-321.9)</subfield>
         <subfield code="2">MRF</subfield>
      </datafield>
      <datafield tag="100" ind1="1" ind2=" ">
         <subfield code="a">Däniken, Erich von,</subfield>
         <subfield code="d">1935-</subfield>
         <subfield code="7">jn19990001663</subfield>
         <subfield code="4">aut</subfield>
      </datafield>
      <datafield tag="240" ind1="1" ind2="0">
         <subfield code="a">Seltsame Geschichte von Xixli und Yum.</subfield>
         <subfield code="l">Česky</subfield>
         <subfield code="7">aun2012723355</subfield>
      </datafield>
      <datafield tag="245" ind1="1" ind2="0">
         <subfield code="a">Tajemství mayské studny /</subfield>
         <subfield code="c">Erich von Däniken ; [z německého originálu ... přeložil Petr Dvořáček]</subfield>
      </datafield>
      <datafield tag="250" ind1=" " ind2=" ">
         <subfield code="a">Vyd. 1.</subfield>
      </datafield>
      <datafield tag="260" ind1=" " ind2=" ">
         <subfield code="a">V Praze :</subfield>
         <subfield code="b">Knižní klub,</subfield>
         <subfield code="c">2005</subfield>
      </datafield>
      <datafield tag="300" ind1=" " ind2=" ">
         <subfield code="a">155 s. :</subfield>
         <subfield code="b">barev. il. ;</subfield>
         <subfield code="c">23 cm</subfield>
      </datafield>
      <datafield tag="490" ind1="1" ind2=" ">
         <subfield code="a">Záhady</subfield>
      </datafield>
      <datafield tag="655" ind1=" " ind2="7">
         <subfield code="a">švýcarské příběhy (německy)</subfield>
         <subfield code="7">fd183841</subfield>
         <subfield code="2">czenas</subfield>
      </datafield>
      <datafield tag="655" ind1=" " ind2="7">
         <subfield code="a">vědecko-fantastické příběhy</subfield>
         <subfield code="7">fd133358</subfield>
         <subfield code="2">czenas</subfield>
      </datafield>
      <datafield tag="655" ind1=" " ind2="9">
         <subfield code="a">Swiss stories (German)</subfield>
         <subfield code="2">eczenas</subfield>
      </datafield>
      <datafield tag="655" ind1=" " ind2="9">
         <subfield code="a">science fiction stories</subfield>
         <subfield code="2">eczenas</subfield>
      </datafield>
      <datafield tag="700" ind1="1" ind2=" ">
         <subfield code="a">Dvořáček, Petr,</subfield>
         <subfield code="d">1949-</subfield>
         <subfield code="7">jx20040112007</subfield>
         <subfield code="4">trl</subfield>
      </datafield>
      <datafield tag="830" ind1=" " ind2="0">
         <subfield code="a">Záhady (Euromedia Group - Knižní klub)</subfield>
         <subfield code="0">s</subfield>
      </datafield>
      <datafield tag="910" ind1=" " ind2=" ">
         <subfield code="a">BOA001</subfield>
      </datafield>
      <datafield tag="ITM" ind1=" " ind2=" ">
         <subfield code="b">2610258127</subfield>
         <subfield code="c">2-1155.698</subfield>
         <subfield code="d"/>
         <subfield code="v"/>
         <subfield code="i"/>
         <subfield code="y"/>
      </datafield>
      <controlfield tag="SYS">000784566</controlfield>
   </record>