
   <record>
      <leader>     nam a22      a 4500</leader>
      <controlfield tag="FMT">BK</controlfield>
      <controlfield tag="001">nkc20051631588</controlfield>
      <controlfield tag="003">CZ PrNK</controlfield>
      <controlfield tag="005">20060726142453.0</controlfield>
      <controlfield tag="007">ta</controlfield>
      <controlfield tag="008">051116s2005    xr     e p    000 0 cze</controlfield>
      <datafield tag="015" ind1=" " ind2=" ">
         <subfield code="a">cnb001631588</subfield>
      </datafield>
      <datafield tag="020" ind1=" " ind2=" ">
         <subfield code="a">80-7080-576-5</subfield>
         <subfield code="q">(brož.)</subfield>
      </datafield>
      <datafield tag="035" ind1=" " ind2=" ">
         <subfield code="a">(OCoLC)85717160</subfield>
      </datafield>
      <datafield tag="040" ind1=" " ind2=" ">
         <subfield code="a">BOA001</subfield>
         <subfield code="b">cze</subfield>
         <subfield code="d">ABA001</subfield>
      </datafield>
      <datafield tag="072" ind1=" " ind2="7">
         <subfield code="a">658</subfield>
         <subfield code="x">Řízení a správa podniku</subfield>
         <subfield code="2">Konspekt</subfield>
         <subfield code="9">4</subfield>
      </datafield>
      <datafield tag="072" ind1=" " ind2="7">
         <subfield code="a">37.016</subfield>
         <subfield code="x">Učební osnovy. Vyučovací předměty. Učebnice</subfield>
         <subfield code="2">Konspekt</subfield>
         <subfield code="9">22</subfield>
      </datafield>
      <datafield tag="080" ind1=" " ind2=" ">
         <subfield code="a">658</subfield>
         <subfield code="2">MRF</subfield>
      </datafield>
      <datafield tag="080" ind1=" " ind2=" ">
         <subfield code="a">005.5</subfield>
         <subfield code="2">MRF</subfield>
      </datafield>
      <datafield tag="080" ind1=" " ind2=" ">
         <subfield code="a">(075.8)</subfield>
         <subfield code="2">MRF</subfield>
      </datafield>
      <datafield tag="100" ind1="1" ind2=" ">
         <subfield code="a">Botek, Marek</subfield>
         <subfield code="7">mzk2003194620</subfield>
         <subfield code="4">aut</subfield>
      </datafield>
      <datafield tag="245" ind1="1" ind2="0">
         <subfield code="a">Základy řízení podnikových procesů /</subfield>
         <subfield code="c">Marek Botek, Pavel Hradecký, Irena Volejníková</subfield>
      </datafield>
      <datafield tag="250" ind1=" " ind2=" ">
         <subfield code="a">Vyd. 1.</subfield>
      </datafield>
      <datafield tag="260" ind1=" " ind2=" ">
         <subfield code="a">Praha :</subfield>
         <subfield code="b">Vysoká škola chemicko-technologická,</subfield>
         <subfield code="c">2005</subfield>
      </datafield>
      <datafield tag="300" ind1=" " ind2=" ">
         <subfield code="a">65 s. ;</subfield>
         <subfield code="c">28 cm</subfield>
      </datafield>
      <datafield tag="500" ind1=" " ind2=" ">
         <subfield code="a">800 výt.</subfield>
      </datafield>
      <datafield tag="504" ind1=" " ind2=" ">
         <subfield code="a">Obsahuje bibliografii</subfield>
      </datafield>
      <datafield tag="650" ind1="0" ind2="7">
         <subfield code="a">podnikový management</subfield>
         <subfield code="7">ph115763</subfield>
         <subfield code="2">czenas</subfield>
      </datafield>
      <datafield tag="650" ind1="0" ind2="7">
         <subfield code="a">procesní management</subfield>
         <subfield code="7">ph166531</subfield>
         <subfield code="2">czenas</subfield>
      </datafield>
      <datafield tag="650" ind1="0" ind2="9">
         <subfield code="a">industrial management</subfield>
         <subfield code="2">eczenas</subfield>
      </datafield>
      <datafield tag="650" ind1="0" ind2="9">
         <subfield code="a">process management</subfield>
         <subfield code="2">eczenas</subfield>
      </datafield>
      <datafield tag="655" ind1=" " ind2="7">
         <subfield code="a">učebnice vysokých škol</subfield>
         <subfield code="7">fd133772</subfield>
         <subfield code="2">czenas</subfield>
      </datafield>
      <datafield tag="655" ind1=" " ind2="9">
         <subfield code="a">textbooks (higher)</subfield>
         <subfield code="2">eczenas</subfield>
      </datafield>
      <datafield tag="700" ind1="1" ind2=" ">
         <subfield code="a">Hradecký, Pavel</subfield>
         <subfield code="7">xx0016925</subfield>
         <subfield code="4">aut</subfield>
      </datafield>
      <datafield tag="700" ind1="1" ind2=" ">
         <subfield code="a">Volejníková, Irena</subfield>
         <subfield code="7">mzk2003194622</subfield>
         <subfield code="4">aut</subfield>
      </datafield>
      <datafield tag="910" ind1=" " ind2=" ">
         <subfield code="a">BOA001</subfield>
      </datafield>
      <datafield tag="ITM" ind1=" " ind2=" ">
         <subfield code="b">2610263730</subfield>
         <subfield code="c">3-1160.356</subfield>
         <subfield code="d"/>
         <subfield code="v"/>
         <subfield code="i"/>
         <subfield code="y"/>
      </datafield>
      <controlfield tag="SYS">000797617</controlfield>
   </record>