
   <record>
      <leader>     nam a22      a 4500</leader>
      <controlfield tag="FMT">BK</controlfield>
      <controlfield tag="001">nkc20051630296</controlfield>
      <controlfield tag="003">CZ PrNK</controlfield>
      <controlfield tag="005">20070222115126.0</controlfield>
      <controlfield tag="007">ta</controlfield>
      <controlfield tag="008">051108s2005    xr a   f      000 0 rus</controlfield>
      <datafield tag="015" ind1=" " ind2=" ">
         <subfield code="a">cnb001630296</subfield>
      </datafield>
      <datafield tag="020" ind1=" " ind2=" ">
         <subfield code="a">80-213-1351-X</subfield>
         <subfield code="q">(brož.)</subfield>
      </datafield>
      <datafield tag="035" ind1=" " ind2=" ">
         <subfield code="a">(OCoLC)85164649</subfield>
      </datafield>
      <datafield tag="040" ind1=" " ind2=" ">
         <subfield code="a">BOA001</subfield>
         <subfield code="b">cze</subfield>
         <subfield code="d">ABA001</subfield>
      </datafield>
      <datafield tag="072" ind1=" " ind2="7">
         <subfield code="a">63</subfield>
         <subfield code="x">Zemědělství a příbuzné oblasti vědy a techniky</subfield>
         <subfield code="2">Konspekt</subfield>
         <subfield code="9">24</subfield>
      </datafield>
      <datafield tag="080" ind1=" " ind2=" ">
         <subfield code="a">63</subfield>
         <subfield code="2">MRF</subfield>
      </datafield>
      <datafield tag="080" ind1=" " ind2=" ">
         <subfield code="a">502</subfield>
         <subfield code="2">MRF</subfield>
      </datafield>
      <datafield tag="080" ind1=" " ind2=" ">
         <subfield code="a">(082)</subfield>
         <subfield code="2">MRF</subfield>
      </datafield>
      <datafield tag="245" ind1="0" ind2="0">
         <subfield code="a">Primenenije ekologičeskogo inžiniringa v sel'skochozjajstvennom sektore :</subfield>
         <subfield code="b">posobije : Praga, Češskaja respublika - Kišinev, Respublika Moldova /</subfield>
         <subfield code="c">[avtory Bogumil Gavrland ... et al.]</subfield>
      </datafield>
      <datafield tag="250" ind1=" " ind2=" ">
         <subfield code="a">1-oje izd.</subfield>
      </datafield>
      <datafield tag="260" ind1=" " ind2=" ">
         <subfield code="a">V Prage :</subfield>
         <subfield code="b">Češskij sel'skochozjajstvennyj universitet,</subfield>
         <subfield code="c">2005</subfield>
      </datafield>
      <datafield tag="300" ind1=" " ind2=" ">
         <subfield code="a">138 s. :</subfield>
         <subfield code="b">il. ;</subfield>
         <subfield code="c">30 cm</subfield>
      </datafield>
      <datafield tag="500" ind1=" " ind2=" ">
         <subfield code="a">60 výt.</subfield>
      </datafield>
      <datafield tag="500" ind1=" " ind2=" ">
         <subfield code="a">Pod názvem: Institute of Tropics and Subtropics, UNDP - Educon Czech Republic Programme, ACSA - National Agency for Rural Development</subfield>
      </datafield>
      <datafield tag="650" ind1="0" ind2="7">
         <subfield code="a">zemědělství</subfield>
         <subfield code="7">ph116770</subfield>
         <subfield code="2">czenas</subfield>
      </datafield>
      <datafield tag="650" ind1="0" ind2="7">
         <subfield code="a">environmentální inženýrství</subfield>
         <subfield code="7">ph119808</subfield>
         <subfield code="2">czenas</subfield>
      </datafield>
      <datafield tag="650" ind1="0" ind2="9">
         <subfield code="a">agriculture</subfield>
         <subfield code="2">eczenas</subfield>
      </datafield>
      <datafield tag="650" ind1="0" ind2="9">
         <subfield code="a">environmental engineering</subfield>
         <subfield code="2">eczenas</subfield>
      </datafield>
      <datafield tag="655" ind1=" " ind2="7">
         <subfield code="a">sborníky</subfield>
         <subfield code="7">fd163935</subfield>
         <subfield code="2">czenas</subfield>
      </datafield>
      <datafield tag="655" ind1=" " ind2="9">
         <subfield code="a">miscellanea</subfield>
         <subfield code="2">eczenas</subfield>
      </datafield>
      <datafield tag="700" ind1="1" ind2=" ">
         <subfield code="a">Havrland, Bohumil,</subfield>
         <subfield code="d">1943-</subfield>
         <subfield code="7">mzk2003183037</subfield>
         <subfield code="4">aut</subfield>
      </datafield>
      <datafield tag="710" ind1="2" ind2=" ">
         <subfield code="a">Česká zemědělská univerzita v Praze.</subfield>
         <subfield code="b">Institut tropů a subtropů</subfield>
         <subfield code="7">mzk2005266559</subfield>
      </datafield>
      <datafield tag="710" ind1="2" ind2=" ">
         <subfield code="a">Rozvojový program OSN</subfield>
         <subfield code="7">kn20010710009</subfield>
      </datafield>
      <datafield tag="710" ind1="2" ind2=" ">
         <subfield code="a">Agentia Nationala de Dezvoltare Rurala</subfield>
         <subfield code="7">kn20060726002</subfield>
      </datafield>
      <datafield tag="910" ind1=" " ind2=" ">
         <subfield code="a">BOA001</subfield>
      </datafield>
      <datafield tag="ITM" ind1=" " ind2=" ">
         <subfield code="b">2610266062</subfield>
         <subfield code="c">3-1160.534</subfield>
         <subfield code="d"/>
         <subfield code="v"/>
         <subfield code="i"/>
         <subfield code="y"/>
      </datafield>
      <controlfield tag="SYS">000798329</controlfield>
   </record>