
   <record>
      <leader>     nam a22      a 4500</leader>
      <controlfield tag="FMT">BK</controlfield>
      <controlfield tag="001">nkc20051574435</controlfield>
      <controlfield tag="003">CZ PrNK</controlfield>
      <controlfield tag="005">20060214121007.0</controlfield>
      <controlfield tag="007">ta</controlfield>
      <controlfield tag="008">050701s2005    xr a   e p    000 0 cze</controlfield>
      <datafield tag="015" ind1=" " ind2=" ">
         <subfield code="a">cnb001574435</subfield>
      </datafield>
      <datafield tag="020" ind1=" " ind2=" ">
         <subfield code="a">80-213-1352-8</subfield>
         <subfield code="q">(brož.) :</subfield>
         <subfield code="c">Kč 134,00</subfield>
      </datafield>
      <datafield tag="035" ind1=" " ind2=" ">
         <subfield code="a">(OCoLC)85157628</subfield>
      </datafield>
      <datafield tag="040" ind1=" " ind2=" ">
         <subfield code="a">BOA001</subfield>
         <subfield code="b">cze</subfield>
         <subfield code="d">ABA001</subfield>
      </datafield>
      <datafield tag="072" ind1=" " ind2="7">
         <subfield code="a">004.4/.6</subfield>
         <subfield code="x">Programování. Software</subfield>
         <subfield code="2">Konspekt</subfield>
         <subfield code="9">23</subfield>
      </datafield>
      <datafield tag="072" ind1=" " ind2="7">
         <subfield code="a">37.016</subfield>
         <subfield code="x">Učební osnovy. Vyučovací předměty. Učebnice</subfield>
         <subfield code="2">Konspekt</subfield>
         <subfield code="9">22</subfield>
      </datafield>
      <datafield tag="080" ind1=" " ind2=" ">
         <subfield code="a">004.41</subfield>
         <subfield code="2">MRF</subfield>
      </datafield>
      <datafield tag="080" ind1=" " ind2=" ">
         <subfield code="a">004.41.045</subfield>
         <subfield code="2">MRF</subfield>
      </datafield>
      <datafield tag="080" ind1=" " ind2=" ">
         <subfield code="a">(075.8)</subfield>
         <subfield code="2">MRF</subfield>
      </datafield>
      <datafield tag="100" ind1="1" ind2=" ">
         <subfield code="a">Merunka, Vojtěch,</subfield>
         <subfield code="d">1967-</subfield>
         <subfield code="7">xx0005022</subfield>
         <subfield code="4">aut</subfield>
      </datafield>
      <datafield tag="245" ind1="1" ind2="0">
         <subfield code="a">Objektově orientovaný přístup v projektování informačních systémů /</subfield>
         <subfield code="c">Vojtěch Merunka, Robert Pergl, Marek Pícka</subfield>
      </datafield>
      <datafield tag="250" ind1=" " ind2=" ">
         <subfield code="a">Vyd. 1.</subfield>
      </datafield>
      <datafield tag="260" ind1=" " ind2=" ">
         <subfield code="a">V Praze :</subfield>
         <subfield code="b">Česká zemědělská univerzita, Provozně ekonomická fakulta,</subfield>
         <subfield code="c">2005</subfield>
      </datafield>
      <datafield tag="300" ind1=" " ind2=" ">
         <subfield code="a">237 s. :</subfield>
         <subfield code="b">il. ;</subfield>
         <subfield code="c">30 cm</subfield>
      </datafield>
      <datafield tag="500" ind1=" " ind2=" ">
         <subfield code="a">150 výt.</subfield>
      </datafield>
      <datafield tag="500" ind1=" " ind2=" ">
         <subfield code="a">Pod názvem: Česká zemědělská univerzita v Praze, Provozně ekonomická fakulta, Katedra informačního inženýrství</subfield>
      </datafield>
      <datafield tag="504" ind1=" " ind2=" ">
         <subfield code="a">Obsahuje bibliografii</subfield>
      </datafield>
      <datafield tag="521" ind1="8" ind2=" ">
         <subfield code="a">Určeno pro posluchače oboru Info</subfield>
      </datafield>
      <datafield tag="650" ind1="0" ind2="7">
         <subfield code="a">softwarové inženýrství</subfield>
         <subfield code="7">ph125825</subfield>
         <subfield code="2">czenas</subfield>
      </datafield>
      <datafield tag="650" ind1="0" ind2="7">
         <subfield code="a">objektově orientované metody</subfield>
         <subfield code="7">ph123589</subfield>
         <subfield code="2">czenas</subfield>
      </datafield>
      <datafield tag="650" ind1="0" ind2="9">
         <subfield code="a">software engineering</subfield>
         <subfield code="2">eczenas</subfield>
      </datafield>
      <datafield tag="650" ind1="0" ind2="9">
         <subfield code="a">object-oriented methods</subfield>
         <subfield code="2">eczenas</subfield>
      </datafield>
      <datafield tag="655" ind1=" " ind2="7">
         <subfield code="a">učebnice vysokých škol</subfield>
         <subfield code="7">fd133772</subfield>
         <subfield code="2">czenas</subfield>
      </datafield>
      <datafield tag="655" ind1=" " ind2="9">
         <subfield code="a">textbooks (higher)</subfield>
         <subfield code="2">eczenas</subfield>
      </datafield>
      <datafield tag="700" ind1="1" ind2=" ">
         <subfield code="a">Pergl, Robert,</subfield>
         <subfield code="d">1979-</subfield>
         <subfield code="7">mzk2005312860</subfield>
         <subfield code="4">aut</subfield>
      </datafield>
      <datafield tag="700" ind1="1" ind2=" ">
         <subfield code="a">Pícka, Marek</subfield>
         <subfield code="7">mzk2005312861</subfield>
         <subfield code="4">aut</subfield>
      </datafield>
      <datafield tag="710" ind1="2" ind2=" ">
         <subfield code="a">Česká zemědělská univerzita v Praze.</subfield>
         <subfield code="b">Katedra informačního inženýrství</subfield>
         <subfield code="7">kn20020321442</subfield>
      </datafield>
      <datafield tag="910" ind1=" " ind2=" ">
         <subfield code="a">BOA001</subfield>
      </datafield>
      <datafield tag="ITM" ind1=" " ind2=" ">
         <subfield code="b">2610266061</subfield>
         <subfield code="c">3-1160.533</subfield>
         <subfield code="d"/>
         <subfield code="v"/>
         <subfield code="i"/>
         <subfield code="y"/>
      </datafield>
      <controlfield tag="SYS">000798348</controlfield>
   </record>