
   <record>
      <leader>     nam a22      a 4500</leader>
      <controlfield tag="FMT">BK</controlfield>
      <controlfield tag="001">nkc20051583974</controlfield>
      <controlfield tag="003">CZ PrNK</controlfield>
      <controlfield tag="005">20060223085101.0</controlfield>
      <controlfield tag="007">ta</controlfield>
      <controlfield tag="008">050930s2005    xr a   f      100 0 eng</controlfield>
      <datafield tag="015" ind1=" " ind2=" ">
         <subfield code="a">cnb001583974</subfield>
      </datafield>
      <datafield tag="020" ind1=" " ind2=" ">
         <subfield code="a">80-213-1384-6</subfield>
         <subfield code="q">(brož.)</subfield>
      </datafield>
      <datafield tag="035" ind1=" " ind2=" ">
         <subfield code="a">(OCoLC)85163196</subfield>
      </datafield>
      <datafield tag="040" ind1=" " ind2=" ">
         <subfield code="a">BOA001</subfield>
         <subfield code="b">cze</subfield>
         <subfield code="d">ABA001</subfield>
      </datafield>
      <datafield tag="072" ind1=" " ind2="7">
         <subfield code="a">377</subfield>
         <subfield code="x">Odborné vzdělávání</subfield>
         <subfield code="2">Konspekt</subfield>
         <subfield code="9">22</subfield>
      </datafield>
      <datafield tag="080" ind1=" " ind2=" ">
         <subfield code="a">63</subfield>
         <subfield code="2">MRF</subfield>
      </datafield>
      <datafield tag="080" ind1=" " ind2=" ">
         <subfield code="a">377</subfield>
         <subfield code="2">MRF</subfield>
      </datafield>
      <datafield tag="080" ind1=" " ind2=" ">
         <subfield code="a">316.3:17.023.5</subfield>
         <subfield code="2">MRF</subfield>
      </datafield>
      <datafield tag="080" ind1=" " ind2=" ">
         <subfield code="a">316.42:004.8</subfield>
         <subfield code="2">MRF</subfield>
      </datafield>
      <datafield tag="080" ind1=" " ind2=" ">
         <subfield code="a">(062.534)</subfield>
         <subfield code="2">MRF</subfield>
      </datafield>
      <datafield tag="111" ind1="2" ind2=" ">
         <subfield code="a">Role of Education in the Process of Transition: from Consumer Society to Knowledge Society</subfield>
         <subfield code="d">(2005 :</subfield>
         <subfield code="c">Praha, Česko)</subfield>
         <subfield code="7">mzk2005304654</subfield>
      </datafield>
      <datafield tag="245" ind1="1" ind2="4">
         <subfield code="a">The Role of Education in the Process of Transition: from Consumer Society to Knowledge Society :</subfield>
         <subfield code="b">proceedings of the international seminar, 20-22 May 2005, Prague, Malá Chuchle</subfield>
      </datafield>
      <datafield tag="246" ind1="3" ind2="0">
         <subfield code="a">Proceedings of the international seminar The Role of Education in the Process of Transition: from Consumer Society to Knowledge Society</subfield>
      </datafield>
      <datafield tag="250" ind1=" " ind2=" ">
         <subfield code="a">Ed. 1st</subfield>
      </datafield>
      <datafield tag="260" ind1=" " ind2=" ">
         <subfield code="a">Prague :</subfield>
         <subfield code="b">Czech University of Agriculture, Institute of Education and Communication,</subfield>
         <subfield code="c">2005</subfield>
      </datafield>
      <datafield tag="300" ind1=" " ind2=" ">
         <subfield code="a">92 s. :</subfield>
         <subfield code="b">il. ;</subfield>
         <subfield code="c">29 cm</subfield>
      </datafield>
      <datafield tag="500" ind1=" " ind2=" ">
         <subfield code="a">Nad názvem: Czech University of Agriculture in Prague, Department of Education and European Network of Learning and Teaching in Agriculture and Rural Development</subfield>
      </datafield>
      <datafield tag="500" ind1=" " ind2=" ">
         <subfield code="a">80 výt.</subfield>
      </datafield>
      <datafield tag="504" ind1=" " ind2=" ">
         <subfield code="a">Obsahuje bibliografie</subfield>
      </datafield>
      <datafield tag="650" ind1="0" ind2="7">
         <subfield code="a">zemědělství</subfield>
         <subfield code="7">ph116770</subfield>
         <subfield code="2">czenas</subfield>
      </datafield>
      <datafield tag="650" ind1="0" ind2="7">
         <subfield code="a">odborné vzdělávání</subfield>
         <subfield code="7">ph115558</subfield>
         <subfield code="2">czenas</subfield>
      </datafield>
      <datafield tag="650" ind1="0" ind2="7">
         <subfield code="a">konzumní společnost</subfield>
         <subfield code="7">ph121836</subfield>
         <subfield code="2">czenas</subfield>
      </datafield>
      <datafield tag="650" ind1="0" ind2="7">
         <subfield code="a">znalostní společnost</subfield>
         <subfield code="7">ph135286</subfield>
         <subfield code="2">czenas</subfield>
      </datafield>
      <datafield tag="650" ind1="0" ind2="9">
         <subfield code="a">agriculture</subfield>
         <subfield code="2">eczenas</subfield>
      </datafield>
      <datafield tag="650" ind1="0" ind2="9">
         <subfield code="a">vocational education</subfield>
         <subfield code="2">eczenas</subfield>
      </datafield>
      <datafield tag="650" ind1="0" ind2="9">
         <subfield code="a">consumer society</subfield>
         <subfield code="2">eczenas</subfield>
      </datafield>
      <datafield tag="650" ind1="0" ind2="9">
         <subfield code="a">knowledge society</subfield>
         <subfield code="2">eczenas</subfield>
      </datafield>
      <datafield tag="655" ind1=" " ind2="7">
         <subfield code="a">sborníky konferencí</subfield>
         <subfield code="7">fd133333</subfield>
         <subfield code="2">czenas</subfield>
      </datafield>
      <datafield tag="655" ind1=" " ind2="9">
         <subfield code="a">proceedings of conferences</subfield>
         <subfield code="2">eczenas</subfield>
      </datafield>
      <datafield tag="710" ind1="2" ind2=" ">
         <subfield code="a">Česká zemědělská univerzita v Praze.</subfield>
         <subfield code="b">Katedra pedagogiky</subfield>
         <subfield code="7">kn20020321082</subfield>
      </datafield>
      <datafield tag="710" ind1="2" ind2=" ">
         <subfield code="a">European Network of Learning and Teaching in Agriculture and Rural Development</subfield>
         <subfield code="7">mzk2005304653</subfield>
      </datafield>
      <datafield tag="910" ind1=" " ind2=" ">
         <subfield code="a">BOA001</subfield>
      </datafield>
      <datafield tag="ITM" ind1=" " ind2=" ">
         <subfield code="b">2610266081</subfield>
         <subfield code="c">3-1160.547</subfield>
         <subfield code="d"/>
         <subfield code="v"/>
         <subfield code="i"/>
         <subfield code="y"/>
      </datafield>
      <controlfield tag="SYS">000798446</controlfield>
   </record>