
   <record>
      <leader>     nam a22      a 4500</leader>
      <controlfield tag="FMT">BK</controlfield>
      <controlfield tag="001">nkc20051573916</controlfield>
      <controlfield tag="003">CZ PrNK</controlfield>
      <controlfield tag="005">20060126133449.0</controlfield>
      <controlfield tag="007">ta</controlfield>
      <controlfield tag="008">050629s2005    xr a   e p    000 0 eng</controlfield>
      <datafield tag="015" ind1=" " ind2=" ">
         <subfield code="a">cnb001573916</subfield>
      </datafield>
      <datafield tag="020" ind1=" " ind2=" ">
         <subfield code="a">80-214-2971-2</subfield>
         <subfield code="q">(brož.)</subfield>
      </datafield>
      <datafield tag="035" ind1=" " ind2=" ">
         <subfield code="a">(OCoLC)85157344</subfield>
      </datafield>
      <datafield tag="040" ind1=" " ind2=" ">
         <subfield code="a">BOA001</subfield>
         <subfield code="b">cze</subfield>
         <subfield code="d">ABA001</subfield>
      </datafield>
      <datafield tag="072" ind1=" " ind2="7">
         <subfield code="a">539</subfield>
         <subfield code="x">Fyzikální stavba hmoty. Jaderná fyzika. Molekulární fyzika</subfield>
         <subfield code="2">Konspekt</subfield>
         <subfield code="9">6</subfield>
      </datafield>
      <datafield tag="072" ind1=" " ind2="7">
         <subfield code="a">37.016</subfield>
         <subfield code="x">Učební osnovy. Vyučovací předměty. Učebnice</subfield>
         <subfield code="2">Konspekt</subfield>
         <subfield code="9">22</subfield>
      </datafield>
      <datafield tag="080" ind1=" " ind2=" ">
         <subfield code="a">539.2/.5</subfield>
         <subfield code="2">MRF</subfield>
      </datafield>
      <datafield tag="080" ind1=" " ind2=" ">
         <subfield code="a">539.37</subfield>
         <subfield code="2">MRF</subfield>
      </datafield>
      <datafield tag="080" ind1=" " ind2=" ">
         <subfield code="a">678.5/.8</subfield>
         <subfield code="2">MRF</subfield>
      </datafield>
      <datafield tag="080" ind1=" " ind2=" ">
         <subfield code="a">(075.8)</subfield>
         <subfield code="2">MRF</subfield>
      </datafield>
      <datafield tag="100" ind1="1" ind2=" ">
         <subfield code="a">Jančář, Josef,</subfield>
         <subfield code="d">1957-</subfield>
         <subfield code="7">xx0013116</subfield>
         <subfield code="4">aut</subfield>
      </datafield>
      <datafield tag="245" ind1="1" ind2="0">
         <subfield code="a">Mechanics and failure of plastics /</subfield>
         <subfield code="c">Josef Jancar</subfield>
      </datafield>
      <datafield tag="250" ind1=" " ind2=" ">
         <subfield code="a">Vyd. 1.</subfield>
      </datafield>
      <datafield tag="260" ind1=" " ind2=" ">
         <subfield code="a">Brno :</subfield>
         <subfield code="b">University of Technology, Faculty of Chemistry,</subfield>
         <subfield code="c">2005</subfield>
      </datafield>
      <datafield tag="300" ind1=" " ind2=" ">
         <subfield code="a">140 s. :</subfield>
         <subfield code="b">il. ;</subfield>
         <subfield code="c">30 cm</subfield>
      </datafield>
      <datafield tag="650" ind1="0" ind2="7">
         <subfield code="a">vlastnosti materiálů</subfield>
         <subfield code="7">ph241154</subfield>
         <subfield code="2">czenas</subfield>
      </datafield>
      <datafield tag="650" ind1="0" ind2="7">
         <subfield code="a">deformace pevných látek</subfield>
         <subfield code="7">ph134740</subfield>
         <subfield code="2">czenas</subfield>
      </datafield>
      <datafield tag="650" ind1="0" ind2="7">
         <subfield code="a">plasty</subfield>
         <subfield code="7">ph124105</subfield>
         <subfield code="2">czenas</subfield>
      </datafield>
      <datafield tag="650" ind1="0" ind2="9">
         <subfield code="a">materials properties</subfield>
         <subfield code="2">eczenas</subfield>
      </datafield>
      <datafield tag="650" ind1="0" ind2="9">
         <subfield code="a">deformation of solids</subfield>
         <subfield code="2">eczenas</subfield>
      </datafield>
      <datafield tag="650" ind1="0" ind2="9">
         <subfield code="a">plastics</subfield>
         <subfield code="2">eczenas</subfield>
      </datafield>
      <datafield tag="655" ind1=" " ind2="7">
         <subfield code="a">učebnice vysokých škol</subfield>
         <subfield code="7">fd133772</subfield>
         <subfield code="2">czenas</subfield>
      </datafield>
      <datafield tag="655" ind1=" " ind2="9">
         <subfield code="a">textbooks (higher)</subfield>
         <subfield code="2">eczenas</subfield>
      </datafield>
      <datafield tag="910" ind1=" " ind2=" ">
         <subfield code="a">BOA001</subfield>
      </datafield>
      <datafield tag="ITM" ind1=" " ind2=" ">
         <subfield code="b">2610264005</subfield>
         <subfield code="c">3-1160.485</subfield>
         <subfield code="d"/>
         <subfield code="v"/>
         <subfield code="i"/>
         <subfield code="y"/>
      </datafield>
      <controlfield tag="SYS">000798610</controlfield>
   </record>