
   <record>
      <leader>     nam a22      a 4500</leader>
      <controlfield tag="FMT">BK</controlfield>
      <controlfield tag="001">nkc20051629056</controlfield>
      <controlfield tag="003">CZ PrNK</controlfield>
      <controlfield tag="005">20060123095003.0</controlfield>
      <controlfield tag="007">ta</controlfield>
      <controlfield tag="008">051027s2005    xr a   e c    000 0dcze</controlfield>
      <datafield tag="015" ind1=" " ind2=" ">
         <subfield code="a">cnb001629056</subfield>
      </datafield>
      <datafield tag="020" ind1=" " ind2=" ">
         <subfield code="a">80-7368-055-6</subfield>
         <subfield code="q">(brož.)</subfield>
      </datafield>
      <datafield tag="035" ind1=" " ind2=" ">
         <subfield code="a">(OCoLC)85164259</subfield>
      </datafield>
      <datafield tag="040" ind1=" " ind2=" ">
         <subfield code="a">ABA001</subfield>
         <subfield code="b">cze</subfield>
      </datafield>
      <datafield tag="043" ind1=" " ind2=" ">
         <subfield code="a">e-xr---</subfield>
      </datafield>
      <datafield tag="045" ind1=" " ind2=" ">
         <subfield code="a">x9y0</subfield>
      </datafield>
      <datafield tag="072" ind1=" " ind2="7">
         <subfield code="a">72/76</subfield>
         <subfield code="x">Výtvarné umění</subfield>
         <subfield code="2">Konspekt</subfield>
         <subfield code="9">21</subfield>
      </datafield>
      <datafield tag="080" ind1=" " ind2=" ">
         <subfield code="a">72/76(437.3)</subfield>
         <subfield code="2">MRF</subfield>
      </datafield>
      <datafield tag="080" ind1=" " ind2=" ">
         <subfield code="a">7.038.54</subfield>
         <subfield code="2">MRF</subfield>
      </datafield>
      <datafield tag="080" ind1=" " ind2=" ">
         <subfield code="a">7.038.532</subfield>
         <subfield code="2">MRF</subfield>
      </datafield>
      <datafield tag="080" ind1=" " ind2=" ">
         <subfield code="a">7.038.544</subfield>
         <subfield code="2">MRF</subfield>
      </datafield>
      <datafield tag="080" ind1=" " ind2=" ">
         <subfield code="a">(437.3)</subfield>
         <subfield code="2">MRF</subfield>
      </datafield>
      <datafield tag="080" ind1=" " ind2=" ">
         <subfield code="a">(083.824)</subfield>
         <subfield code="2">MRF</subfield>
      </datafield>
      <datafield tag="080" ind1=" " ind2=" ">
         <subfield code="a">(076.1)</subfield>
         <subfield code="2">MRF</subfield>
      </datafield>
      <datafield tag="100" ind1="1" ind2=" ">
         <subfield code="a">Adamus, Karel,</subfield>
         <subfield code="d">1943-</subfield>
         <subfield code="7">jn20000400014</subfield>
         <subfield code="4">art</subfield>
      </datafield>
      <datafield tag="245" ind1="1" ind2="0">
         <subfield code="a">Bydliště: Třinec - Karel Adamus, Jan Wojnar /</subfield>
         <subfield code="c">Dáša Lasotová</subfield>
      </datafield>
      <datafield tag="246" ind1="3" ind2=" ">
         <subfield code="a">Karel Adamus, Jan Wojnar - Bydliště: Třinec</subfield>
      </datafield>
      <datafield tag="246" ind1="3" ind2="0">
         <subfield code="a">Bydliště: Třinec</subfield>
      </datafield>
      <datafield tag="250" ind1=" " ind2=" ">
         <subfield code="a">Vyd. 1.</subfield>
      </datafield>
      <datafield tag="260" ind1=" " ind2=" ">
         <subfield code="a">Ostrava :</subfield>
         <subfield code="b">Ostravská univerzita, Pedagogická fakulta, Katedra výtvarné výchovy,</subfield>
         <subfield code="c">2005</subfield>
      </datafield>
      <datafield tag="300" ind1=" " ind2=" ">
         <subfield code="a">40 s. :</subfield>
         <subfield code="b">il. ;</subfield>
         <subfield code="c">30 cm +</subfield>
         <subfield code="e">4 dialogové listy</subfield>
      </datafield>
      <datafield tag="500" ind1=" " ind2=" ">
         <subfield code="a">"Dialogový katalog byl vydán u příležitosti výstavy Karla Adamuse a Jana Wojnara konané od 18.10. do 18.11.2005 v Kulturním domě TRISIA, a.s. v Třinci"--Tiráž</subfield>
      </datafield>
      <datafield tag="500" ind1=" " ind2=" ">
         <subfield code="a">Název z obálky</subfield>
      </datafield>
      <datafield tag="500" ind1=" " ind2=" ">
         <subfield code="a">300 výt.</subfield>
      </datafield>
      <datafield tag="500" ind1=" " ind2=" ">
         <subfield code="a">Terminologický slovník</subfield>
      </datafield>
      <datafield tag="504" ind1=" " ind2=" ">
         <subfield code="a">Obsahuje bibliografii</subfield>
      </datafield>
      <datafield tag="521" ind1="8" ind2=" ">
         <subfield code="a">Určeno studentům vyšších ročníků středních škol, studentům vysokých škol, pedagogům a dalším zájemcům o konceptuální tvorbu a poezii</subfield>
      </datafield>
      <datafield tag="521" ind1="8" ind2=" ">
         <subfield code="a">Dialogové listy jsou určeny dětem a mládeži od 7 let pro činnost v expozici</subfield>
      </datafield>
      <datafield tag="600" ind1="1" ind2="7">
         <subfield code="a">Adamus, Karel,</subfield>
         <subfield code="d">1943-</subfield>
         <subfield code="7">jn20000400014</subfield>
         <subfield code="2">czenas</subfield>
      </datafield>
      <datafield tag="600" ind1="1" ind2="7">
         <subfield code="a">Wojnar, Jan,</subfield>
         <subfield code="d">1944-2014</subfield>
         <subfield code="7">jo20000074293</subfield>
         <subfield code="2">czenas</subfield>
      </datafield>
      <datafield tag="648" ind1=" " ind2="7">
         <subfield code="a">20.-21. století</subfield>
         <subfield code="7">ch462155</subfield>
         <subfield code="2">czenas</subfield>
      </datafield>
      <datafield tag="650" ind1="0" ind2="7">
         <subfield code="a">české výtvarné umění</subfield>
         <subfield code="7">ph116865</subfield>
         <subfield code="y">20.-21. stol.</subfield>
         <subfield code="2">czenas</subfield>
      </datafield>
      <datafield tag="650" ind1="0" ind2="7">
         <subfield code="a">konceptuální umění</subfield>
         <subfield code="7">ph121783</subfield>
         <subfield code="z">Česko</subfield>
         <subfield code="2">czenas</subfield>
      </datafield>
      <datafield tag="650" ind1="0" ind2="7">
         <subfield code="a">konkrétní poezie</subfield>
         <subfield code="7">ph200841</subfield>
         <subfield code="z">Česko</subfield>
         <subfield code="2">czenas</subfield>
      </datafield>
      <datafield tag="650" ind1="0" ind2="7">
         <subfield code="a">objekty (umění)</subfield>
         <subfield code="7">ph123590</subfield>
         <subfield code="z">Česko</subfield>
         <subfield code="2">czenas</subfield>
      </datafield>
      <datafield tag="650" ind1="0" ind2="9">
         <subfield code="a">Czech art</subfield>
         <subfield code="y">20th-21st centuries</subfield>
         <subfield code="2">eczenas</subfield>
      </datafield>
      <datafield tag="650" ind1="0" ind2="9">
         <subfield code="a">conceptual art</subfield>
         <subfield code="z">Czechia</subfield>
         <subfield code="2">eczenas</subfield>
      </datafield>
      <datafield tag="650" ind1="0" ind2="9">
         <subfield code="a">objects (art)</subfield>
         <subfield code="z">Czechia</subfield>
         <subfield code="2">eczenas</subfield>
      </datafield>
      <datafield tag="650" ind1="0" ind2="9">
         <subfield code="a">concrete poetry</subfield>
         <subfield code="z">Czechia</subfield>
         <subfield code="2">eczenas</subfield>
      </datafield>
      <datafield tag="655" ind1=" " ind2="7">
         <subfield code="a">katalogy výstav</subfield>
         <subfield code="7">fd132536</subfield>
         <subfield code="2">czenas</subfield>
      </datafield>
      <datafield tag="655" ind1=" " ind2="7">
         <subfield code="a">pracovní listy</subfield>
         <subfield code="7">fd250497</subfield>
         <subfield code="2">czenas</subfield>
      </datafield>
      <datafield tag="655" ind1=" " ind2="9">
         <subfield code="a">exhibition catalogs</subfield>
         <subfield code="2">eczenas</subfield>
      </datafield>
      <datafield tag="655" ind1=" " ind2="9">
         <subfield code="a">activity pages</subfield>
         <subfield code="2">eczenas</subfield>
      </datafield>
      <datafield tag="700" ind1="1" ind2=" ">
         <subfield code="a">Wojnar, Jan,</subfield>
         <subfield code="d">1944-2014</subfield>
         <subfield code="7">jo20000074293</subfield>
         <subfield code="4">art</subfield>
      </datafield>
      <datafield tag="700" ind1="1" ind2=" ">
         <subfield code="a">Lasotová, Dáša,</subfield>
         <subfield code="d">1951-</subfield>
         <subfield code="7">ola2003167474</subfield>
         <subfield code="4">aui</subfield>
      </datafield>
      <datafield tag="710" ind1="2" ind2=" ">
         <subfield code="a">TRISIA (firma)</subfield>
         <subfield code="7">olak2005284536</subfield>
      </datafield>
      <datafield tag="910" ind1=" " ind2=" ">
         <subfield code="a">BOA001</subfield>
      </datafield>
      <datafield tag="ITM" ind1=" " ind2=" ">
         <subfield code="b">2610266244</subfield>
         <subfield code="c">3-1160.695</subfield>
         <subfield code="d"/>
         <subfield code="v"/>
         <subfield code="i"/>
         <subfield code="y"/>
      </datafield>
      <controlfield tag="SYS">000798898</controlfield>
   </record>