
   <record>
      <leader>     nam a22      a 4500</leader>
      <controlfield tag="FMT">BK</controlfield>
      <controlfield tag="001">nkc20051632872</controlfield>
      <controlfield tag="003">CZ PrNK</controlfield>
      <controlfield tag="005">20060817130555.0</controlfield>
      <controlfield tag="007">ta</controlfield>
      <controlfield tag="008">051125s2005    xr a   f      101 0 cze</controlfield>
      <datafield tag="015" ind1=" " ind2=" ">
         <subfield code="a">cnb001632872</subfield>
      </datafield>
      <datafield tag="020" ind1=" " ind2=" ">
         <subfield code="a">80-7080-565-X</subfield>
         <subfield code="q">(brož.)</subfield>
      </datafield>
      <datafield tag="035" ind1=" " ind2=" ">
         <subfield code="a">(OCoLC)85543711</subfield>
      </datafield>
      <datafield tag="040" ind1=" " ind2=" ">
         <subfield code="a">BOA001</subfield>
         <subfield code="b">cze</subfield>
         <subfield code="d">ABA001</subfield>
      </datafield>
      <datafield tag="041" ind1="0" ind2=" ">
         <subfield code="a">cze</subfield>
         <subfield code="a">slo</subfield>
      </datafield>
      <datafield tag="072" ind1=" " ind2="7">
         <subfield code="a">66</subfield>
         <subfield code="x">Chemický průmysl. Chemická technologie</subfield>
         <subfield code="2">Konspekt</subfield>
         <subfield code="9">19</subfield>
      </datafield>
      <datafield tag="080" ind1=" " ind2=" ">
         <subfield code="a">66:546</subfield>
         <subfield code="2">MRF</subfield>
      </datafield>
      <datafield tag="080" ind1=" " ind2=" ">
         <subfield code="a">(062.534)</subfield>
         <subfield code="2">MRF</subfield>
      </datafield>
      <datafield tag="111" ind1="2" ind2=" ">
         <subfield code="a">Nové trendy v anorganické technologii 2005</subfield>
         <subfield code="c">(Praha, Česko)</subfield>
         <subfield code="7">mzk2005304623</subfield>
      </datafield>
      <datafield tag="245" ind1="1" ind2="0">
         <subfield code="a">Nové trendy v anorganické technologii 2005 :</subfield>
         <subfield code="b">sympozium : sborník příspěvků : [26.5.-27.5.2005] /</subfield>
         <subfield code="c">editoři Karel Bouzek, Vlastimil Fíla, Petr Šťastný</subfield>
      </datafield>
      <datafield tag="246" ind1="3" ind2=" ">
         <subfield code="a">Sympozium Nové trendy v anorganické technologii 2005</subfield>
      </datafield>
      <datafield tag="260" ind1=" " ind2=" ">
         <subfield code="a">Praha :</subfield>
         <subfield code="b">Vydavatelství VŠCHT,</subfield>
         <subfield code="c">2005</subfield>
      </datafield>
      <datafield tag="300" ind1=" " ind2=" ">
         <subfield code="a">348 s. :</subfield>
         <subfield code="b">il. ;</subfield>
         <subfield code="c">25 cm</subfield>
      </datafield>
      <datafield tag="500" ind1=" " ind2=" ">
         <subfield code="a">Nad názvem: Vysoká škola chemicko-technologická v Praze</subfield>
      </datafield>
      <datafield tag="504" ind1=" " ind2=" ">
         <subfield code="a">Obsahuje bibliografie a rejstřík</subfield>
      </datafield>
      <datafield tag="546" ind1=" " ind2=" ">
         <subfield code="a">Část. slovenský text</subfield>
      </datafield>
      <datafield tag="650" ind1="0" ind2="7">
         <subfield code="a">anorganická technologie</subfield>
         <subfield code="7">ph118473</subfield>
         <subfield code="2">czenas</subfield>
      </datafield>
      <datafield tag="650" ind1="0" ind2="9">
         <subfield code="a">inorganic technical chemistry</subfield>
         <subfield code="2">eczenas</subfield>
      </datafield>
      <datafield tag="655" ind1=" " ind2="7">
         <subfield code="a">sborníky konferencí</subfield>
         <subfield code="7">fd133333</subfield>
         <subfield code="2">czenas</subfield>
      </datafield>
      <datafield tag="655" ind1=" " ind2="9">
         <subfield code="a">proceedings of conferences</subfield>
         <subfield code="2">eczenas</subfield>
      </datafield>
      <datafield tag="700" ind1="1" ind2=" ">
         <subfield code="a">Bouzek, Karel,</subfield>
         <subfield code="d">1968-</subfield>
         <subfield code="7">mzk2005312845</subfield>
         <subfield code="4">edt</subfield>
      </datafield>
      <datafield tag="700" ind1="1" ind2=" ">
         <subfield code="a">Fíla, Vlastimil,</subfield>
         <subfield code="d">1968-</subfield>
         <subfield code="7">mzk2005312846</subfield>
         <subfield code="4">edt</subfield>
      </datafield>
      <datafield tag="700" ind1="1" ind2=" ">
         <subfield code="a">Šťastný, Petr,</subfield>
         <subfield code="d">1979-</subfield>
         <subfield code="7">mzk2005312847</subfield>
         <subfield code="4">edt</subfield>
      </datafield>
      <datafield tag="710" ind1="2" ind2=" ">
         <subfield code="a">Vysoká škola chemicko-technologická v Praze</subfield>
         <subfield code="7">kn20010710384</subfield>
      </datafield>
      <datafield tag="910" ind1=" " ind2=" ">
         <subfield code="a">BOA001</subfield>
      </datafield>
      <datafield tag="ITM" ind1=" " ind2=" ">
         <subfield code="b">2610263941</subfield>
         <subfield code="c">3-1160.441</subfield>
         <subfield code="d"/>
         <subfield code="v"/>
         <subfield code="i"/>
         <subfield code="y"/>
      </datafield>
      <controlfield tag="SYS">000799213</controlfield>
   </record>