
   <record>
      <leader>     nam a22      a 4500</leader>
      <controlfield tag="FMT">BK</controlfield>
      <controlfield tag="001">nkc20051632536</controlfield>
      <controlfield tag="003">CZ PrNK</controlfield>
      <controlfield tag="005">20060123150629.0</controlfield>
      <controlfield tag="007">ta</controlfield>
      <controlfield tag="008">051124s2005    xr a   d p    000 0 cze</controlfield>
      <datafield tag="015" ind1=" " ind2=" ">
         <subfield code="a">cnb001632536</subfield>
      </datafield>
      <datafield tag="020" ind1=" " ind2=" ">
         <subfield code="a">80-7320-079-1</subfield>
         <subfield code="q">(brož.)</subfield>
      </datafield>
      <datafield tag="035" ind1=" " ind2=" ">
         <subfield code="a">(OCoLC)85165262</subfield>
      </datafield>
      <datafield tag="040" ind1=" " ind2=" ">
         <subfield code="a">BOA001</subfield>
         <subfield code="b">cze</subfield>
         <subfield code="d">ABA001</subfield>
      </datafield>
      <datafield tag="072" ind1=" " ind2="7">
         <subfield code="a">69</subfield>
         <subfield code="x">Stavebnictví</subfield>
         <subfield code="2">Konspekt</subfield>
         <subfield code="9">19</subfield>
      </datafield>
      <datafield tag="072" ind1=" " ind2="7">
         <subfield code="a">37.016</subfield>
         <subfield code="x">Učební osnovy. Vyučovací předměty. Učebnice</subfield>
         <subfield code="2">Konspekt</subfield>
         <subfield code="9">22</subfield>
      </datafield>
      <datafield tag="080" ind1=" " ind2=" ">
         <subfield code="a">69-1</subfield>
         <subfield code="2">MRF</subfield>
      </datafield>
      <datafield tag="080" ind1=" " ind2=" ">
         <subfield code="a">(075.3)</subfield>
         <subfield code="2">MRF</subfield>
      </datafield>
      <datafield tag="100" ind1="1" ind2=" ">
         <subfield code="a">Kučerová, Ludmila,</subfield>
         <subfield code="d">1948-</subfield>
         <subfield code="7">mzk2005312943</subfield>
         <subfield code="4">aut</subfield>
      </datafield>
      <datafield tag="245" ind1="1" ind2="0">
         <subfield code="a">Strojní zařízení :</subfield>
         <subfield code="b">učebnice pro odborná učiliště : obor zednické práce /</subfield>
         <subfield code="c">[Ludmila Kučerová a Oldřich Turek]</subfield>
      </datafield>
      <datafield tag="246" ind1="1" ind2="8">
         <subfield code="a">Strojní zařízení - zednické práce</subfield>
      </datafield>
      <datafield tag="250" ind1=" " ind2=" ">
         <subfield code="a">1. vyd.</subfield>
      </datafield>
      <datafield tag="260" ind1=" " ind2=" ">
         <subfield code="a">Praha :</subfield>
         <subfield code="b">Parta,</subfield>
         <subfield code="c">2005</subfield>
      </datafield>
      <datafield tag="300" ind1=" " ind2=" ">
         <subfield code="a">55 s. :</subfield>
         <subfield code="b">il. ;</subfield>
         <subfield code="c">30 cm</subfield>
      </datafield>
      <datafield tag="504" ind1=" " ind2=" ">
         <subfield code="a">Obsahuje bibliografii</subfield>
      </datafield>
      <datafield tag="650" ind1="0" ind2="7">
         <subfield code="a">stavební stroje</subfield>
         <subfield code="7">ph126084</subfield>
         <subfield code="2">czenas</subfield>
      </datafield>
      <datafield tag="650" ind1="0" ind2="9">
         <subfield code="a">building machines</subfield>
         <subfield code="2">eczenas</subfield>
      </datafield>
      <datafield tag="655" ind1=" " ind2="7">
         <subfield code="a">učebnice středních škol</subfield>
         <subfield code="7">fd133771</subfield>
         <subfield code="2">czenas</subfield>
      </datafield>
      <datafield tag="655" ind1=" " ind2="9">
         <subfield code="a">textbooks (secondary)</subfield>
         <subfield code="2">eczenas</subfield>
      </datafield>
      <datafield tag="700" ind1="1" ind2=" ">
         <subfield code="a">Turek, Oldřich,</subfield>
         <subfield code="d">1953-</subfield>
         <subfield code="7">mzk2005312944</subfield>
         <subfield code="4">aut</subfield>
      </datafield>
      <datafield tag="910" ind1=" " ind2=" ">
         <subfield code="a">BOA001</subfield>
      </datafield>
      <datafield tag="ITM" ind1=" " ind2=" ">
         <subfield code="b">2610266219</subfield>
         <subfield code="c">3-1160.674</subfield>
         <subfield code="d"/>
         <subfield code="v"/>
         <subfield code="i"/>
         <subfield code="y"/>
      </datafield>
      <controlfield tag="SYS">000799714</controlfield>
   </record>