
   <record>
      <leader>     nam a22      a 4500</leader>
      <controlfield tag="FMT">BK</controlfield>
      <controlfield tag="001">nkc20051633343</controlfield>
      <controlfield tag="003">CZ PrNK</controlfield>
      <controlfield tag="005">20120924103022.0</controlfield>
      <controlfield tag="007">ta</controlfield>
      <controlfield tag="008">051130s2005    xr a   f      100 0 cze</controlfield>
      <datafield tag="015" ind1=" " ind2=" ">
         <subfield code="a">cnb001633343</subfield>
      </datafield>
      <datafield tag="020" ind1=" " ind2=" ">
         <subfield code="a">80-7051-164-8</subfield>
         <subfield code="q">(brož.)</subfield>
      </datafield>
      <datafield tag="035" ind1=" " ind2=" ">
         <subfield code="a">(OCoLC)85165421</subfield>
      </datafield>
      <datafield tag="040" ind1=" " ind2=" ">
         <subfield code="a">BOA001</subfield>
         <subfield code="b">cze</subfield>
         <subfield code="d">ABA001</subfield>
      </datafield>
      <datafield tag="041" ind1="1" ind2=" ">
         <subfield code="a">cze</subfield>
         <subfield code="a">eng</subfield>
         <subfield code="a">slo</subfield>
         <subfield code="h">cze</subfield>
      </datafield>
      <datafield tag="045" ind1=" " ind2=" ">
         <subfield code="a">y0y0</subfield>
      </datafield>
      <datafield tag="072" ind1=" " ind2="7">
         <subfield code="a">024</subfield>
         <subfield code="x">Služby knihoven</subfield>
         <subfield code="2">Konspekt</subfield>
         <subfield code="9">12</subfield>
      </datafield>
      <datafield tag="080" ind1=" " ind2=" ">
         <subfield code="a">024.5/.6</subfield>
         <subfield code="2">MRF</subfield>
      </datafield>
      <datafield tag="080" ind1=" " ind2=" ">
         <subfield code="a">659.2</subfield>
         <subfield code="2">MRF</subfield>
      </datafield>
      <datafield tag="080" ind1=" " ind2=" ">
         <subfield code="a">727.8</subfield>
         <subfield code="2">MRF</subfield>
      </datafield>
      <datafield tag="080" ind1=" " ind2=" ">
         <subfield code="a">022</subfield>
         <subfield code="2">MRF</subfield>
      </datafield>
      <datafield tag="080" ind1=" " ind2=" ">
         <subfield code="a">004</subfield>
         <subfield code="2">MRF</subfield>
      </datafield>
      <datafield tag="080" ind1=" " ind2=" ">
         <subfield code="a">(062.534)</subfield>
         <subfield code="2">MRF</subfield>
      </datafield>
      <datafield tag="111" ind1="2" ind2=" ">
         <subfield code="a">CASLIN 2005</subfield>
         <subfield code="c">(Lednice, Břeclav, Česko)</subfield>
         <subfield code="7">kn20051211004</subfield>
      </datafield>
      <datafield tag="245" ind1="1" ind2="0">
         <subfield code="a">Služby knihoven - nové trendy :</subfield>
         <subfield code="b">sborník příspěvků ze semináře : 19.-23. června 2005, Lednice, Česká republika /</subfield>
         <subfield code="c">CASLIN ; [sestavil Petr Žabička ; organizačně zajistily Moravská zemská knihovna v Brně, Mendelova zemědělská a lesnická univerzita]</subfield>
      </datafield>
      <datafield tag="246" ind1="3" ind2=" ">
         <subfield code="a">Sborník příspěvků ze semináře Služby knihoven - nové trendy</subfield>
      </datafield>
      <datafield tag="250" ind1=" " ind2=" ">
         <subfield code="a">1. vyd.</subfield>
      </datafield>
      <datafield tag="260" ind1=" " ind2=" ">
         <subfield code="a">Brno :</subfield>
         <subfield code="b">Moravská zemská knihovna,</subfield>
         <subfield code="c">2005</subfield>
      </datafield>
      <datafield tag="300" ind1=" " ind2=" ">
         <subfield code="a">124 s. :</subfield>
         <subfield code="b">il. ;</subfield>
         <subfield code="c">30 cm</subfield>
      </datafield>
      <datafield tag="500" ind1=" " ind2=" ">
         <subfield code="a">Podnázev v tiráži: sborník příspěvků z 12. mezinárodního semináře CASLIN</subfield>
      </datafield>
      <datafield tag="504" ind1=" " ind2=" ">
         <subfield code="a">Obsahuje bibliografie</subfield>
      </datafield>
      <datafield tag="546" ind1=" " ind2=" ">
         <subfield code="a">Část. anglický a slovenský text, souběžný anglický text</subfield>
      </datafield>
      <datafield tag="648" ind1=" " ind2="7">
         <subfield code="a">21. století</subfield>
         <subfield code="7">ch460559</subfield>
         <subfield code="2">czenas</subfield>
      </datafield>
      <datafield tag="650" ind1="0" ind2="7">
         <subfield code="a">knihovnické služby</subfield>
         <subfield code="7">ph121660</subfield>
         <subfield code="y">21. stol.</subfield>
         <subfield code="2">czenas</subfield>
      </datafield>
      <datafield tag="650" ind1="0" ind2="7">
         <subfield code="a">informační služby</subfield>
         <subfield code="7">ph114771</subfield>
         <subfield code="y">21. stol.</subfield>
         <subfield code="2">czenas</subfield>
      </datafield>
      <datafield tag="650" ind1="0" ind2="7">
         <subfield code="a">knihovní budovy</subfield>
         <subfield code="7">ph121667</subfield>
         <subfield code="y">21. stol.</subfield>
         <subfield code="2">czenas</subfield>
      </datafield>
      <datafield tag="650" ind1="0" ind2="7">
         <subfield code="a">zařízení a vybavení knihoven</subfield>
         <subfield code="7">ph158341</subfield>
         <subfield code="y">21. stol.</subfield>
         <subfield code="2">czenas</subfield>
      </datafield>
      <datafield tag="650" ind1="0" ind2="7">
         <subfield code="a">informační technologie</subfield>
         <subfield code="7">ph121106</subfield>
         <subfield code="y">21. stol.</subfield>
         <subfield code="2">czenas</subfield>
      </datafield>
      <datafield tag="650" ind1="0" ind2="9">
         <subfield code="a">library services</subfield>
         <subfield code="y">21st century</subfield>
         <subfield code="2">eczenas</subfield>
      </datafield>
      <datafield tag="650" ind1="0" ind2="9">
         <subfield code="a">information services</subfield>
         <subfield code="y">21st century</subfield>
         <subfield code="2">eczenas</subfield>
      </datafield>
      <datafield tag="650" ind1="0" ind2="9">
         <subfield code="a">library buildings</subfield>
         <subfield code="y">21st century</subfield>
         <subfield code="2">eczenas</subfield>
      </datafield>
      <datafield tag="650" ind1="0" ind2="9">
         <subfield code="a">library equipment</subfield>
         <subfield code="y">21st century</subfield>
         <subfield code="2">eczenas</subfield>
      </datafield>
      <datafield tag="650" ind1="0" ind2="9">
         <subfield code="a">information technology</subfield>
         <subfield code="y">21st century</subfield>
         <subfield code="2">eczenas</subfield>
      </datafield>
      <datafield tag="655" ind1=" " ind2="7">
         <subfield code="a">sborníky konferencí</subfield>
         <subfield code="7">fd133333</subfield>
         <subfield code="2">czenas</subfield>
      </datafield>
      <datafield tag="655" ind1=" " ind2="9">
         <subfield code="a">proceedings of conferences</subfield>
         <subfield code="2">eczenas</subfield>
      </datafield>
      <datafield tag="700" ind1="1" ind2=" ">
         <subfield code="a">Žabička, Petr,</subfield>
         <subfield code="d">1970-</subfield>
         <subfield code="7">mzk2005312939</subfield>
         <subfield code="4">com</subfield>
      </datafield>
      <datafield tag="710" ind1="2" ind2=" ">
         <subfield code="a">CASLIN (sdružení)</subfield>
         <subfield code="7">kn20040906002</subfield>
      </datafield>
      <datafield tag="710" ind1="2" ind2=" ">
         <subfield code="a">Moravská zemská knihovna (Brno, Česko)</subfield>
         <subfield code="7">kn20010709059</subfield>
      </datafield>
      <datafield tag="710" ind1="2" ind2=" ">
         <subfield code="a">Mendelova zemědělská a lesnická univerzita</subfield>
         <subfield code="7">kn20010711257</subfield>
      </datafield>
      <datafield tag="910" ind1=" " ind2=" ">
         <subfield code="a">BOA001</subfield>
      </datafield>
      <datafield tag="ITM" ind1=" " ind2=" ">
         <subfield code="b">2610266220</subfield>
         <subfield code="c">3-1160.678</subfield>
         <subfield code="d"/>
         <subfield code="v"/>
         <subfield code="i"/>
         <subfield code="y"/>
      </datafield>
      <controlfield tag="SYS">000800369</controlfield>
   </record>