
   <record>
      <leader>     nam a22     2a 4500</leader>
      <controlfield tag="FMT">BK</controlfield>
      <controlfield tag="001">000918875</controlfield>
      <controlfield tag="003">CZ BrMZK</controlfield>
      <controlfield tag="005">20100507132007.0</controlfield>
      <controlfield tag="007">ta</controlfield>
      <controlfield tag="008">081025s1973    xr a   er|||||||||||cze d</controlfield>
      <datafield tag="015" ind1=" " ind2=" ">
         <subfield code="a">cnb000216184</subfield>
      </datafield>
      <datafield tag="020" ind1=" " ind2=" ">
         <subfield code="q">(Váz.) :</subfield>
         <subfield code="c">Kčs 10,00</subfield>
      </datafield>
      <datafield tag="035" ind1=" " ind2=" ">
         <subfield code="a">(OCoLC)29840533</subfield>
      </datafield>
      <datafield tag="040" ind1=" " ind2=" ">
         <subfield code="a">ABA001</subfield>
         <subfield code="b">cze</subfield>
         <subfield code="c">OSA001</subfield>
         <subfield code="d">BOA001</subfield>
      </datafield>
      <datafield tag="080" ind1="9" ind2=" ">
         <subfield code="a">885-36(497.2)</subfield>
      </datafield>
      <datafield tag="100" ind1="1" ind2=" ">
         <subfield code="a">Kadlecová, Marta</subfield>
         <subfield code="7">jk01052464</subfield>
         <subfield code="4">com</subfield>
      </datafield>
      <datafield tag="245" ind1="1" ind2="0">
         <subfield code="a">Anekdoty z Gabrova /</subfield>
         <subfield code="c">vybrala a uspoř. Marta Kadlecová ; kreslil Neprakta</subfield>
      </datafield>
      <datafield tag="250" ind1=" " ind2=" ">
         <subfield code="a">1. vyd.</subfield>
      </datafield>
      <datafield tag="260" ind1=" " ind2=" ">
         <subfield code="a">Praha :</subfield>
         <subfield code="b">Lidové nakladatelství,</subfield>
         <subfield code="c">1973</subfield>
      </datafield>
      <datafield tag="300" ind1=" " ind2=" ">
         <subfield code="a">92, [4] s. ?</subfield>
         <subfield code="b">il. ;</subfield>
         <subfield code="c">8°</subfield>
      </datafield>
      <datafield tag="490" ind1="1" ind2=" ">
         <subfield code="a">Anekdoty ;</subfield>
         <subfield code="v">sv. 22</subfield>
      </datafield>
      <datafield tag="500" ind1=" " ind2=" ">
         <subfield code="a">50000 výt.</subfield>
      </datafield>
      <datafield tag="520" ind1=" " ind2=" ">
         <subfield code="a">Soubor anekdot o lidech z bulharského města Gabrova, pověstných svou šetrností. Jde o město, kde se každoročně pořádá festival humoru a satiry, na němž vedle zástupců mnoha evropských zemí bývají zastoupeni i legendárně šetrní Skotové.</subfield>
      </datafield>
      <datafield tag="830" ind1=" " ind2="0">
         <subfield code="a">Anekdoty (Lidové nakladatelství)</subfield>
         <subfield code="0">s</subfield>
      </datafield>
      <datafield tag="910" ind1=" " ind2=" ">
         <subfield code="a">BOA001</subfield>
      </datafield>
      <datafield tag="ITM" ind1=" " ind2=" ">
         <subfield code="b">2619529150</subfield>
         <subfield code="c">1-0711.203</subfield>
         <subfield code="d"/>
         <subfield code="v"/>
         <subfield code="i"/>
         <subfield code="y"/>
      </datafield>
      <controlfield tag="SYS">000918875</controlfield>
   </record>