
   <record>
      <leader>     nam a22     2a 4500</leader>
      <controlfield tag="FMT">BK</controlfield>
      <controlfield tag="001">000977078</controlfield>
      <controlfield tag="003">CZ BrMZK</controlfield>
      <controlfield tag="005">20091110203927.0</controlfield>
      <controlfield tag="007">ta</controlfield>
      <controlfield tag="008">091110s1965    xr a   er|||||||||||cze d</controlfield>
      <datafield tag="015" ind1=" " ind2=" ">
         <subfield code="a">cnb000483020</subfield>
      </datafield>
      <datafield tag="020" ind1=" " ind2=" ">
         <subfield code="q">(Váz.) :</subfield>
         <subfield code="c">Kčs 12,00</subfield>
      </datafield>
      <datafield tag="035" ind1=" " ind2=" ">
         <subfield code="a">(OCoLC)42091169</subfield>
      </datafield>
      <datafield tag="040" ind1=" " ind2=" ">
         <subfield code="a">ABA001</subfield>
         <subfield code="b">cze</subfield>
         <subfield code="c">CBA001</subfield>
         <subfield code="d">ABA001</subfield>
      </datafield>
      <datafield tag="080" ind1="9" ind2=" ">
         <subfield code="a">885-14-821</subfield>
      </datafield>
      <datafield tag="080" ind1="9" ind2=" ">
         <subfield code="a">92 Neumann,S.K.</subfield>
      </datafield>
      <datafield tag="100" ind1="1" ind2=" ">
         <subfield code="a">Neumann, Stanislav Kostka,</subfield>
         <subfield code="d">1875-1947</subfield>
         <subfield code="7">jk01090079</subfield>
         <subfield code="4">aut</subfield>
      </datafield>
      <datafield tag="245" ind1="1" ind2="0">
         <subfield code="a">Srdcová dáma /</subfield>
         <subfield code="c">Stanislav Kostka Neumann ; [ilustroval Josef Šíma ; doslov Jaroslav Seifert]</subfield>
      </datafield>
      <datafield tag="250" ind1=" " ind2=" ">
         <subfield code="a">Vyd. v SNKLU 1.</subfield>
      </datafield>
      <datafield tag="260" ind1=" " ind2=" ">
         <subfield code="a">Praha :</subfield>
         <subfield code="b">Státní nakladatelství krásné literatury a umění,</subfield>
         <subfield code="c">1965</subfield>
      </datafield>
      <datafield tag="300" ind1=" " ind2=" ">
         <subfield code="a">95, [6] s. :</subfield>
         <subfield code="b">il. ;</subfield>
         <subfield code="c">12°</subfield>
      </datafield>
      <datafield tag="500" ind1=" " ind2=" ">
         <subfield code="a">Rozložená tit. s.</subfield>
      </datafield>
      <datafield tag="500" ind1=" " ind2=" ">
         <subfield code="a">Kožená vazba, v papírovém pouzdru</subfield>
      </datafield>
      <datafield tag="500" ind1=" " ind2=" ">
         <subfield code="a">10000 výt.</subfield>
      </datafield>
      <datafield tag="520" ind1="2" ind2=" ">
         <subfield code="a">Vysvětlujícím a láskyplným doslovem J. Seiferta doprovázený sličný svazeček milostné lyriky básníka a revolucionáře, jedna ze tří sbírek, které on sám později zařadil do trilogie Láska (Jediná věc, Žal, Srdcová dáma).</subfield>
      </datafield>
      <datafield tag="700" ind1="1" ind2=" ">
         <subfield code="a">Šíma, Josef,</subfield>
         <subfield code="d">1891-1971</subfield>
         <subfield code="7">jk01122943</subfield>
         <subfield code="4">ill</subfield>
      </datafield>
      <datafield tag="700" ind1="1" ind2=" ">
         <subfield code="a">Seifert, Jaroslav,</subfield>
         <subfield code="d">1901-1986</subfield>
         <subfield code="7">jk01110657</subfield>
         <subfield code="4">aft</subfield>
      </datafield>
      <datafield tag="910" ind1=" " ind2=" ">
         <subfield code="a">BOA001</subfield>
      </datafield>
      <datafield tag="ITM" ind1=" " ind2=" ">
         <subfield code="b">2619478644</subfield>
         <subfield code="c">S-0538.698</subfield>
         <subfield code="d"/>
         <subfield code="v"/>
         <subfield code="i"/>
         <subfield code="y"/>
      </datafield>
      <controlfield tag="SYS">000977078</controlfield>
   </record>