
   <record>
      <leader>     nam a22     2a 4500</leader>
      <controlfield tag="FMT">BK</controlfield>
      <controlfield tag="001">000977909</controlfield>
      <controlfield tag="003">CZ BrMZK</controlfield>
      <controlfield tag="005">20140620120027.0</controlfield>
      <controlfield tag="007">ta</controlfield>
      <controlfield tag="008">091114s1962    xr a   gr|||||||||p|cze d</controlfield>
      <datafield tag="015" ind1=" " ind2=" ">
         <subfield code="a">cnb000613355</subfield>
      </datafield>
      <datafield tag="035" ind1=" " ind2=" ">
         <subfield code="a">(OCoLC)85468772</subfield>
      </datafield>
      <datafield tag="040" ind1=" " ind2=" ">
         <subfield code="a">ABA001</subfield>
         <subfield code="b">cze</subfield>
         <subfield code="c">LIA001</subfield>
         <subfield code="d">ABA001</subfield>
      </datafield>
      <datafield tag="072" ind1=" " ind2="7">
         <subfield code="a">821.162.3-1</subfield>
         <subfield code="x">Česká poezie</subfield>
         <subfield code="2">Konspekt</subfield>
         <subfield code="9">25</subfield>
      </datafield>
      <datafield tag="080" ind1=" " ind2=" ">
         <subfield code="a">821.162.3-1</subfield>
         <subfield code="2">MRF</subfield>
      </datafield>
      <datafield tag="080" ind1=" " ind2=" ">
         <subfield code="a">(0:82-1)</subfield>
         <subfield code="2">MRF</subfield>
      </datafield>
      <datafield tag="100" ind1="1" ind2=" ">
         <subfield code="a">Neruda, Jan,</subfield>
         <subfield code="d">1834-1891</subfield>
         <subfield code="7">jk01083209</subfield>
         <subfield code="4">aut</subfield>
      </datafield>
      <datafield tag="245" ind1="1" ind2="0">
         <subfield code="a">Prosté motivy /</subfield>
         <subfield code="c">Jan Neruda ; k vyd. připr. a ediční pozn. naps. Felix Vodička ; vyzdobil Karel Hruška</subfield>
      </datafield>
      <datafield tag="250" ind1=" " ind2=" ">
         <subfield code="a">3. vyd. v SNKLU</subfield>
      </datafield>
      <datafield tag="260" ind1=" " ind2=" ">
         <subfield code="a">Praha :</subfield>
         <subfield code="b">SNKLU,</subfield>
         <subfield code="c">1962</subfield>
      </datafield>
      <datafield tag="300" ind1=" " ind2=" ">
         <subfield code="a">115, [5] s. ;</subfield>
         <subfield code="c">12°</subfield>
      </datafield>
      <datafield tag="500" ind1=" " ind2=" ">
         <subfield code="a">Kolibří vyd.</subfield>
      </datafield>
      <datafield tag="500" ind1=" " ind2=" ">
         <subfield code="a">10000 výt.</subfield>
      </datafield>
      <datafield tag="500" ind1=" " ind2=" ">
         <subfield code="a">Frontispice</subfield>
      </datafield>
      <datafield tag="655" ind1=" " ind2="7">
         <subfield code="a">česká poezie</subfield>
         <subfield code="7">fd133958</subfield>
         <subfield code="2">czenas</subfield>
      </datafield>
      <datafield tag="910" ind1=" " ind2=" ">
         <subfield code="a">BOA001</subfield>
      </datafield>
      <datafield tag="ITM" ind1=" " ind2=" ">
         <subfield code="b">2619536680</subfield>
         <subfield code="c">S-0475.017</subfield>
         <subfield code="d"/>
         <subfield code="v"/>
         <subfield code="i"/>
         <subfield code="y"/>
      </datafield>
      <controlfield tag="SYS">000977909</controlfield>
   </record>
</collection>